%YAML 1.1
%TAG !u! tag:unity3d.com,2011:
--- !u!1 &5035005561197572531
GameObject:
  m_ObjectHideFlags: 0
  m_CorrespondingSourceObject: {fileID: 0}
  m_PrefabInstance: {fileID: 0}
  m_PrefabAsset: {fileID: 0}
  serializedVersion: 6
  m_Component:
  - component: {fileID: 5035005561197572493}
  - component: {fileID: 999532927902202041}
  - component: {fileID: 3988786327299644637}
  - component: {fileID: 6955716822333533967}
  - component: {fileID: 4668117611601474692}
  m_Layer: 13
  m_Name: Fourmi_BL
  m_TagString: Black
  m_Icon: {fileID: 0}
  m_NavMeshLayer: 0
  m_StaticEditorFlags: 0
  m_IsActive: 1
--- !u!4 &5035005561197572493
Transform:
  m_ObjectHideFlags: 0
  m_CorrespondingSourceObject: {fileID: 0}
  m_PrefabInstance: {fileID: 0}
  m_PrefabAsset: {fileID: 0}
  m_GameObject: {fileID: 5035005561197572531}
  m_LocalRotation: {x: 0, y: 0, z: 0, w: 1}
  m_LocalPosition: {x: 0, y: 0.176, z: 0}
  m_LocalScale: {x: 10, y: 10, z: 10}
  m_Children:
  - {fileID: 4779822910771101073}
  m_Father: {fileID: 0}
  m_RootOrder: 0
  m_LocalEulerAnglesHint: {x: 0, y: 0, z: 0}
--- !u!54 &999532927902202041
Rigidbody:
  m_ObjectHideFlags: 0
  m_CorrespondingSourceObject: {fileID: 0}
  m_PrefabInstance: {fileID: 0}
  m_PrefabAsset: {fileID: 0}
  m_GameObject: {fileID: 5035005561197572531}
  serializedVersion: 2
  m_Mass: 1
  m_Drag: 0
  m_AngularDrag: 0.05
  m_UseGravity: 1
  m_IsKinematic: 0
  m_Interpolate: 1
  m_Constraints: 116
  m_CollisionDetection: 1
--- !u!114 &3988786327299644637
MonoBehaviour:
  m_ObjectHideFlags: 0
  m_CorrespondingSourceObject: {fileID: 0}
  m_PrefabInstance: {fileID: 0}
  m_PrefabAsset: {fileID: 0}
  m_GameObject: {fileID: 5035005561197572531}
  m_Enabled: 1
  m_EditorHideFlags: 0
  m_Script: {fileID: 11500000, guid: 02d289191feedca43bce6338aa84a45a, type: 3}
  m_Name: 
  m_EditorClassIdentifier: 
  rb: {fileID: 999532927902202041}
  explosionForce: 10
  explosionRadius: 5
--- !u!65 &6955716822333533967
BoxCollider:
  m_ObjectHideFlags: 0
  m_CorrespondingSourceObject: {fileID: 0}
  m_PrefabInstance: {fileID: 0}
  m_PrefabAsset: {fileID: 0}
  m_GameObject: {fileID: 5035005561197572531}
  m_Material: {fileID: 0}
  m_IsTrigger: 0
  m_Enabled: 1
  serializedVersion: 2
  m_Size: {x: 0.15, y: 0.01, z: 0.15}
  m_Center: {x: 0, y: 0, z: 0}
--- !u!114 &4668117611601474692
MonoBehaviour:
  m_ObjectHideFlags: 0
  m_CorrespondingSourceObject: {fileID: 0}
  m_PrefabInstance: {fileID: 0}
  m_PrefabAsset: {fileID: 0}
  m_GameObject: {fileID: 5035005561197572531}
  m_Enabled: 1
  m_EditorHideFlags: 0
  m_Script: {fileID: 11500000, guid: e2b336b5573205744bde1cfb238cd820, type: 3}
  m_Name: 
  m_EditorClassIdentifier: 
  velocityMax: 0.02
  xMax: 2
  zMax: 2
  xMin: -2
  zMin: -2
--- !u!135 &4414029091740991110
SphereCollider:
  m_ObjectHideFlags: 0
  m_CorrespondingSourceObject: {fileID: 0}
  m_PrefabInstance: {fileID: 0}
  m_PrefabAsset: {fileID: 0}
  m_GameObject: {fileID: 5268797255497328427}
  m_Material: {fileID: 0}
  m_IsTrigger: 0
  m_Enabled: 1
  serializedVersion: 2
  m_Radius: 0.01
  m_Center: {x: 0, y: 0.01, z: 0.02081582}
--- !u!1001 &5035005561300949626
PrefabInstance:
  m_ObjectHideFlags: 0
  serializedVersion: 2
  m_Modification:
    m_TransformParent: {fileID: 5035005561197572493}
    m_Modifications:
    - target: {fileID: -8679921383154817045, guid: af6a0edece6e70548a4a0c19f05809be, type: 3}
      propertyPath: m_RootOrder
      value: 0
      objectReference: {fileID: 0}
    - target: {fileID: -8679921383154817045, guid: af6a0edece6e70548a4a0c19f05809be, type: 3}
      propertyPath: m_LocalScale.x
      value: 1
      objectReference: {fileID: 0}
    - target: {fileID: -8679921383154817045, guid: af6a0edece6e70548a4a0c19f05809be, type: 3}
      propertyPath: m_LocalScale.y
      value: 1
      objectReference: {fileID: 0}
    - target: {fileID: -8679921383154817045, guid: af6a0edece6e70548a4a0c19f05809be, type: 3}
      propertyPath: m_LocalScale.z
      value: 1
      objectReference: {fileID: 0}
    - target: {fileID: -8679921383154817045, guid: af6a0edece6e70548a4a0c19f05809be, type: 3}
      propertyPath: m_LocalPosition.x
      value: 0
      objectReference: {fileID: 0}
    - target: {fileID: -8679921383154817045, guid: af6a0edece6e70548a4a0c19f05809be, type: 3}
      propertyPath: m_LocalPosition.y
      value: 0
      objectReference: {fileID: 0}
    - target: {fileID: -8679921383154817045, guid: af6a0edece6e70548a4a0c19f05809be, type: 3}
      propertyPath: m_LocalPosition.z
      value: 0
      objectReference: {fileID: 0}
    - target: {fileID: -8679921383154817045, guid: af6a0edece6e70548a4a0c19f05809be, type: 3}
      propertyPath: m_LocalRotation.w
      value: 0.5
      objectReference: {fileID: 0}
    - target: {fileID: -8679921383154817045, guid: af6a0edece6e70548a4a0c19f05809be, type: 3}
      propertyPath: m_LocalRotation.x
      value: -0.5
      objectReference: {fileID: 0}
    - target: {fileID: -8679921383154817045, guid: af6a0edece6e70548a4a0c19f05809be, type: 3}
      propertyPath: m_LocalRotation.y
      value: -0.5
      objectReference: {fileID: 0}
    - target: {fileID: -8679921383154817045, guid: af6a0edece6e70548a4a0c19f05809be, type: 3}
      propertyPath: m_LocalRotation.z
      value: -0.5
      objectReference: {fileID: 0}
    - target: {fileID: -8679921383154817045, guid: af6a0edece6e70548a4a0c19f05809be, type: 3}
      propertyPath: m_LocalEulerAnglesHint.x
      value: -90
      objectReference: {fileID: 0}
    - target: {fileID: -8679921383154817045, guid: af6a0edece6e70548a4a0c19f05809be, type: 3}
      propertyPath: m_LocalEulerAnglesHint.y
      value: -90
      objectReference: {fileID: 0}
    - target: {fileID: -8679921383154817045, guid: af6a0edece6e70548a4a0c19f05809be, type: 3}
      propertyPath: m_LocalEulerAnglesHint.z
      value: 0
      objectReference: {fileID: 0}
    - target: {fileID: -7511558181221131132, guid: af6a0edece6e70548a4a0c19f05809be, type: 3}
      propertyPath: m_Materials.Array.data[0]
      value: 
      objectReference: {fileID: 2100000, guid: 0d3424da17206064dbbfb9479c55d57a, type: 2}
    - target: {fileID: 919132149155446097, guid: af6a0edece6e70548a4a0c19f05809be, type: 3}
      propertyPath: m_Name
      value: ant
      objectReference: {fileID: 0}
    - target: {fileID: 919132149155446097, guid: af6a0edece6e70548a4a0c19f05809be, type: 3}
      propertyPath: m_Layer
      value: 8
      objectReference: {fileID: 0}
    - target: {fileID: 919132149155446097, guid: af6a0edece6e70548a4a0c19f05809be, type: 3}
      propertyPath: m_IsActive
      value: 1
      objectReference: {fileID: 0}
    - target: {fileID: 919132149155446097, guid: af6a0edece6e70548a4a0c19f05809be, type: 3}
      propertyPath: m_TagString
      value: Black
      objectReference: {fileID: 0}
    m_RemovedComponents: []
  m_SourcePrefab: {fileID: 100100000, guid: af6a0edece6e70548a4a0c19f05809be, type: 3}
--- !u!1 &5268797255497328427 stripped
GameObject:
  m_CorrespondingSourceObject: {fileID: 919132149155446097, guid: af6a0edece6e70548a4a0c19f05809be, type: 3}
  m_PrefabInstance: {fileID: 5035005561300949626}
  m_PrefabAsset: {fileID: 0}
--- !u!4 &4779822910771101073 stripped
Transform:
  m_CorrespondingSourceObject: {fileID: -8679921383154817045, guid: af6a0edece6e70548a4a0c19f05809be, type: 3}
  m_PrefabInstance: {fileID: 5035005561300949626}
  m_PrefabAsset: {fileID: 0}
