%YAML 1.1
%TAG !u! tag:unity3d.com,2011:
--- !u!29 &1
OcclusionCullingSettings:
  m_ObjectHideFlags: 0
  serializedVersion: 2
  m_OcclusionBakeSettings:
    smallestOccluder: 5
    smallestHole: 0.25
    backfaceThreshold: 100
  m_SceneGUID: 00000000000000000000000000000000
  m_OcclusionCullingData: {fileID: 0}
--- !u!104 &2
RenderSettings:
  m_ObjectHideFlags: 0
  serializedVersion: 9
  m_Fog: 0
  m_FogColor: {r: 0.5, g: 0.5, b: 0.5, a: 1}
  m_FogMode: 3
  m_FogDensity: 0.01
  m_LinearFogStart: 0
  m_LinearFogEnd: 300
  m_AmbientSkyColor: {r: 0.212, g: 0.227, b: 0.259, a: 1}
  m_AmbientEquatorColor: {r: 0.114, g: 0.125, b: 0.133, a: 1}
  m_AmbientGroundColor: {r: 0.047, g: 0.043, b: 0.035, a: 1}
  m_AmbientIntensity: 1
  m_AmbientMode: 0
  m_SubtractiveShadowColor: {r: 0.42, g: 0.478, b: 0.627, a: 1}
  m_SkyboxMaterial: {fileID: 10304, guid: 0000000000000000f000000000000000, type: 0}
  m_HaloStrength: 0.5
  m_FlareStrength: 1
  m_FlareFadeSpeed: 3
  m_HaloTexture: {fileID: 0}
  m_SpotCookie: {fileID: 10001, guid: 0000000000000000e000000000000000, type: 0}
  m_DefaultReflectionMode: 0
  m_DefaultReflectionResolution: 128
  m_ReflectionBounces: 1
  m_ReflectionIntensity: 1
  m_CustomReflection: {fileID: 0}
  m_Sun: {fileID: 705507994}
  m_IndirectSpecularColor: {r: 0.44657898, g: 0.4964133, b: 0.5748178, a: 1}
  m_UseRadianceAmbientProbe: 0
--- !u!157 &3
LightmapSettings:
  m_ObjectHideFlags: 0
  serializedVersion: 12
  m_GIWorkflowMode: 1
  m_GISettings:
    serializedVersion: 2
    m_BounceScale: 1
    m_IndirectOutputScale: 1
    m_AlbedoBoost: 1
    m_EnvironmentLightingMode: 0
    m_EnableBakedLightmaps: 1
    m_EnableRealtimeLightmaps: 0
  m_LightmapEditorSettings:
    serializedVersion: 12
    m_Resolution: 2
    m_BakeResolution: 40
    m_AtlasSize: 1024
    m_AO: 0
    m_AOMaxDistance: 1
    m_CompAOExponent: 1
    m_CompAOExponentDirect: 0
    m_ExtractAmbientOcclusion: 0
    m_Padding: 2
    m_LightmapParameters: {fileID: 0}
    m_LightmapsBakeMode: 1
    m_TextureCompression: 1
    m_FinalGather: 0
    m_FinalGatherFiltering: 1
    m_FinalGatherRayCount: 256
    m_ReflectionCompression: 2
    m_MixedBakeMode: 2
    m_BakeBackend: 1
    m_PVRSampling: 1
    m_PVRDirectSampleCount: 32
    m_PVRSampleCount: 500
    m_PVRBounces: 2
    m_PVREnvironmentSampleCount: 500
    m_PVREnvironmentReferencePointCount: 2048
    m_PVRFilteringMode: 2
    m_PVRDenoiserTypeDirect: 0
    m_PVRDenoiserTypeIndirect: 0
    m_PVRDenoiserTypeAO: 0
    m_PVRFilterTypeDirect: 0
    m_PVRFilterTypeIndirect: 0
    m_PVRFilterTypeAO: 0
    m_PVREnvironmentMIS: 0
    m_PVRCulling: 1
    m_PVRFilteringGaussRadiusDirect: 1
    m_PVRFilteringGaussRadiusIndirect: 5
    m_PVRFilteringGaussRadiusAO: 2
    m_PVRFilteringAtrousPositionSigmaDirect: 0.5
    m_PVRFilteringAtrousPositionSigmaIndirect: 2
    m_PVRFilteringAtrousPositionSigmaAO: 1
    m_ExportTrainingData: 0
    m_TrainingDataDestination: TrainingData
    m_LightProbeSampleCountMultiplier: 4
  m_LightingDataAsset: {fileID: 112000000, guid: 22e77b3c27c923a44b280a68b33916f1, type: 2}
  m_LightingSettings: {fileID: 4890085278179872738, guid: c54b015810ab2214693efc5e7c793c5c, type: 2}
--- !u!196 &4
NavMeshSettings:
  serializedVersion: 2
  m_ObjectHideFlags: 0
  m_BuildSettings:
    serializedVersion: 2
    agentTypeID: 0
    agentRadius: 0.25
    agentHeight: 2
    agentSlope: 45
    agentClimb: 0.4
    ledgeDropHeight: 0
    maxJumpAcrossDistance: 0
    minRegionArea: 2
    manualCellSize: 0
    cellSize: 0.083333336
    manualTileSize: 0
    tileSize: 256
    accuratePlacement: 0
    maxJobWorkers: 0
    preserveTilesOutsideBounds: 0
    debug:
      m_Flags: 0
  m_NavMeshData: {fileID: 23800000, guid: a3eebab3b36de824f81debd3995bf97f, type: 2}
--- !u!95 &298417526 stripped
Animator:
  m_CorrespondingSourceObject: {fileID: 7105141019343444043, guid: cf412e5f88f573044a31e3dea6b18c29, type: 3}
  m_PrefabInstance: {fileID: 1788377096}
  m_PrefabAsset: {fileID: 0}
--- !u!1001 &325399808
PrefabInstance:
  m_ObjectHideFlags: 0
  serializedVersion: 2
  m_Modification:
    m_TransformParent: {fileID: 895312631}
    m_Modifications:
    - target: {fileID: -8679921383154817045, guid: 23cab475180dc9641a103c9ccafe51fa, type: 3}
      propertyPath: m_RootOrder
      value: 1
      objectReference: {fileID: 0}
    - target: {fileID: -8679921383154817045, guid: 23cab475180dc9641a103c9ccafe51fa, type: 3}
      propertyPath: m_LocalScale.x
      value: 251.1094
      objectReference: {fileID: 0}
    - target: {fileID: -8679921383154817045, guid: 23cab475180dc9641a103c9ccafe51fa, type: 3}
      propertyPath: m_LocalScale.y
      value: 251.1094
      objectReference: {fileID: 0}
    - target: {fileID: -8679921383154817045, guid: 23cab475180dc9641a103c9ccafe51fa, type: 3}
      propertyPath: m_LocalScale.z
      value: 251.1094
      objectReference: {fileID: 0}
    - target: {fileID: -8679921383154817045, guid: 23cab475180dc9641a103c9ccafe51fa, type: 3}
      propertyPath: m_LocalPosition.x
      value: 1.7302849
      objectReference: {fileID: 0}
    - target: {fileID: -8679921383154817045, guid: 23cab475180dc9641a103c9ccafe51fa, type: 3}
      propertyPath: m_LocalPosition.y
      value: 2.0892694
      objectReference: {fileID: 0}
    - target: {fileID: -8679921383154817045, guid: 23cab475180dc9641a103c9ccafe51fa, type: 3}
      propertyPath: m_LocalPosition.z
      value: 0.76694584
      objectReference: {fileID: 0}
    - target: {fileID: -8679921383154817045, guid: 23cab475180dc9641a103c9ccafe51fa, type: 3}
      propertyPath: m_LocalRotation.w
      value: 0.7071067
      objectReference: {fileID: 0}
    - target: {fileID: -8679921383154817045, guid: 23cab475180dc9641a103c9ccafe51fa, type: 3}
      propertyPath: m_LocalRotation.x
      value: -0.7071068
      objectReference: {fileID: 0}
    - target: {fileID: -8679921383154817045, guid: 23cab475180dc9641a103c9ccafe51fa, type: 3}
      propertyPath: m_LocalRotation.y
      value: -0
      objectReference: {fileID: 0}
    - target: {fileID: -8679921383154817045, guid: 23cab475180dc9641a103c9ccafe51fa, type: 3}
      propertyPath: m_LocalRotation.z
      value: -0
      objectReference: {fileID: 0}
    - target: {fileID: -8679921383154817045, guid: 23cab475180dc9641a103c9ccafe51fa, type: 3}
      propertyPath: m_LocalEulerAnglesHint.x
      value: 0
      objectReference: {fileID: 0}
    - target: {fileID: -8679921383154817045, guid: 23cab475180dc9641a103c9ccafe51fa, type: 3}
      propertyPath: m_LocalEulerAnglesHint.y
      value: 0
      objectReference: {fileID: 0}
    - target: {fileID: -8679921383154817045, guid: 23cab475180dc9641a103c9ccafe51fa, type: 3}
      propertyPath: m_LocalEulerAnglesHint.z
      value: 0
      objectReference: {fileID: 0}
    - target: {fileID: -7511558181221131132, guid: 23cab475180dc9641a103c9ccafe51fa, type: 3}
      propertyPath: m_Materials.Array.data[0]
      value: 
      objectReference: {fileID: 2100000, guid: 532321827e91b4b49a157769bfa9b95f, type: 2}
    - target: {fileID: 919132149155446097, guid: 23cab475180dc9641a103c9ccafe51fa, type: 3}
      propertyPath: m_Name
      value: fbx_terrain
      objectReference: {fileID: 0}
    - target: {fileID: 919132149155446097, guid: 23cab475180dc9641a103c9ccafe51fa, type: 3}
      propertyPath: m_Layer
      value: 3
      objectReference: {fileID: 0}
    - target: {fileID: 919132149155446097, guid: 23cab475180dc9641a103c9ccafe51fa, type: 3}
      propertyPath: m_TagString
      value: Ground
      objectReference: {fileID: 0}
    m_RemovedComponents: []
  m_SourcePrefab: {fileID: 100100000, guid: 23cab475180dc9641a103c9ccafe51fa, type: 3}
--- !u!4 &325399809 stripped
Transform:
  m_CorrespondingSourceObject: {fileID: -8679921383154817045, guid: 23cab475180dc9641a103c9ccafe51fa, type: 3}
  m_PrefabInstance: {fileID: 325399808}
  m_PrefabAsset: {fileID: 0}
--- !u!1 &487047207
GameObject:
  m_ObjectHideFlags: 0
  m_CorrespondingSourceObject: {fileID: 0}
  m_PrefabInstance: {fileID: 0}
  m_PrefabAsset: {fileID: 0}
  serializedVersion: 6
  m_Component:
  - component: {fileID: 487047208}
  - component: {fileID: 487047212}
  - component: {fileID: 487047211}
  - component: {fileID: 487047210}
  m_Layer: 0
  m_Name: LaserHead
  m_TagString: Untagged
  m_Icon: {fileID: 0}
  m_NavMeshLayer: 0
  m_StaticEditorFlags: 0
  m_IsActive: 1
--- !u!4 &487047208
Transform:
  m_ObjectHideFlags: 0
  m_CorrespondingSourceObject: {fileID: 0}
  m_PrefabInstance: {fileID: 0}
  m_PrefabAsset: {fileID: 0}
  m_GameObject: {fileID: 487047207}
  m_LocalRotation: {x: 0, y: 0, z: 0, w: 1}
  m_LocalPosition: {x: 0.007, y: 0, z: 0.515}
  m_LocalScale: {x: 0.94961137, y: 1, z: 0.47242573}
  m_Children: []
  m_Father: {fileID: 1028484279}
  m_RootOrder: 0
  m_LocalEulerAnglesHint: {x: 0, y: 0, z: 0}
--- !u!135 &487047210
SphereCollider:
  m_ObjectHideFlags: 0
  m_CorrespondingSourceObject: {fileID: 0}
  m_PrefabInstance: {fileID: 0}
  m_PrefabAsset: {fileID: 0}
  m_GameObject: {fileID: 487047207}
  m_Material: {fileID: 0}
  m_IsTrigger: 0
  m_Enabled: 1
  serializedVersion: 2
  m_Radius: 0.5
  m_Center: {x: 0, y: 0, z: 0}
--- !u!23 &487047211
MeshRenderer:
  m_ObjectHideFlags: 0
  m_CorrespondingSourceObject: {fileID: 0}
  m_PrefabInstance: {fileID: 0}
  m_PrefabAsset: {fileID: 0}
  m_GameObject: {fileID: 487047207}
  m_Enabled: 1
  m_CastShadows: 1
  m_ReceiveShadows: 1
  m_DynamicOccludee: 1
  m_MotionVectors: 1
  m_LightProbeUsage: 1
  m_ReflectionProbeUsage: 1
  m_RayTracingMode: 2
  m_RayTraceProcedural: 0
  m_RenderingLayerMask: 1
  m_RendererPriority: 0
  m_Materials:
  - {fileID: 2100000, guid: 6873c1a105e3d7d4a82029933a43b9ac, type: 2}
  m_StaticBatchInfo:
    firstSubMesh: 0
    subMeshCount: 0
  m_StaticBatchRoot: {fileID: 0}
  m_ProbeAnchor: {fileID: 0}
  m_LightProbeVolumeOverride: {fileID: 0}
  m_ScaleInLightmap: 1
  m_ReceiveGI: 1
  m_PreserveUVs: 0
  m_IgnoreNormalsForChartDetection: 0
  m_ImportantGI: 0
  m_StitchLightmapSeams: 1
  m_SelectedEditorRenderState: 3
  m_MinimumChartSize: 4
  m_AutoUVMaxDistance: 0.5
  m_AutoUVMaxAngle: 89
  m_LightmapParameters: {fileID: 0}
  m_SortingLayerID: 0
  m_SortingLayer: 0
  m_SortingOrder: 0
  m_AdditionalVertexStreams: {fileID: 0}
--- !u!33 &487047212
MeshFilter:
  m_ObjectHideFlags: 0
  m_CorrespondingSourceObject: {fileID: 0}
  m_PrefabInstance: {fileID: 0}
  m_PrefabAsset: {fileID: 0}
  m_GameObject: {fileID: 487047207}
  m_Mesh: {fileID: 10207, guid: 0000000000000000e000000000000000, type: 0}
--- !u!1 &523082405
GameObject:
  m_ObjectHideFlags: 0
  m_CorrespondingSourceObject: {fileID: 0}
  m_PrefabInstance: {fileID: 0}
  m_PrefabAsset: {fileID: 0}
  serializedVersion: 6
  m_Component:
  - component: {fileID: 523082406}
  - component: {fileID: 523082407}
  m_Layer: 0
  m_Name: postprocessing
  m_TagString: Untagged
  m_Icon: {fileID: 0}
  m_NavMeshLayer: 0
  m_StaticEditorFlags: 0
  m_IsActive: 1
--- !u!4 &523082406
Transform:
  m_ObjectHideFlags: 0
  m_CorrespondingSourceObject: {fileID: 0}
  m_PrefabInstance: {fileID: 0}
  m_PrefabAsset: {fileID: 0}
  m_GameObject: {fileID: 523082405}
  m_LocalRotation: {x: -0, y: -0, z: -0, w: 1}
  m_LocalPosition: {x: 0, y: 0, z: 0}
  m_LocalScale: {x: 1, y: 1, z: 1}
  m_Children: []
  m_Father: {fileID: 573346540}
  m_RootOrder: 4
  m_LocalEulerAnglesHint: {x: 0, y: 0, z: 0}
--- !u!114 &523082407
MonoBehaviour:
  m_ObjectHideFlags: 0
  m_CorrespondingSourceObject: {fileID: 0}
  m_PrefabInstance: {fileID: 0}
  m_PrefabAsset: {fileID: 0}
  m_GameObject: {fileID: 523082405}
  m_Enabled: 1
  m_EditorHideFlags: 0
  m_Script: {fileID: 11500000, guid: 172515602e62fb746b5d573b38a5fe58, type: 3}
  m_Name: 
  m_EditorClassIdentifier: 
  isGlobal: 1
  priority: 0
  blendDistance: 0
  weight: 1
  sharedProfile: {fileID: 11400000, guid: ff86f3b6ee9b8814898364b330ec6aac, type: 2}
--- !u!1 &573346539
GameObject:
  m_ObjectHideFlags: 0
  m_CorrespondingSourceObject: {fileID: 0}
  m_PrefabInstance: {fileID: 0}
  m_PrefabAsset: {fileID: 0}
  serializedVersion: 6
  m_Component:
  - component: {fileID: 573346540}
  m_Layer: 0
  m_Name: -------Setup----------
  m_TagString: Untagged
  m_Icon: {fileID: 0}
  m_NavMeshLayer: 0
  m_StaticEditorFlags: 0
  m_IsActive: 1
--- !u!4 &573346540
Transform:
  m_ObjectHideFlags: 0
  m_CorrespondingSourceObject: {fileID: 0}
  m_PrefabInstance: {fileID: 0}
  m_PrefabAsset: {fileID: 0}
  m_GameObject: {fileID: 573346539}
  m_LocalRotation: {x: 0, y: 0, z: 0, w: 1}
  m_LocalPosition: {x: 0, y: 0, z: 0}
  m_LocalScale: {x: 1, y: 1, z: 1}
  m_Children:
  - {fileID: 963194228}
  - {fileID: 1498202019}
  - {fileID: 4761143568368984250}
  - {fileID: 705507995}
  - {fileID: 523082406}
  m_Father: {fileID: 0}
  m_RootOrder: 0
  m_LocalEulerAnglesHint: {x: 0, y: 0, z: 0}
--- !u!1 &705507993
GameObject:
  m_ObjectHideFlags: 0
  m_CorrespondingSourceObject: {fileID: 0}
  m_PrefabInstance: {fileID: 0}
  m_PrefabAsset: {fileID: 0}
  serializedVersion: 6
  m_Component:
  - component: {fileID: 705507995}
  - component: {fileID: 705507994}
  m_Layer: 0
  m_Name: Directional Light
  m_TagString: Untagged
  m_Icon: {fileID: 0}
  m_NavMeshLayer: 0
  m_StaticEditorFlags: 0
  m_IsActive: 1
--- !u!108 &705507994
Light:
  m_ObjectHideFlags: 0
  m_CorrespondingSourceObject: {fileID: 0}
  m_PrefabInstance: {fileID: 0}
  m_PrefabAsset: {fileID: 0}
  m_GameObject: {fileID: 705507993}
  m_Enabled: 1
  serializedVersion: 10
  m_Type: 1
  m_Shape: 0
  m_Color: {r: 1, g: 0.95686275, b: 0.8392157, a: 1}
  m_Intensity: 1
  m_Range: 10
  m_SpotAngle: 30
  m_InnerSpotAngle: 21.80208
  m_CookieSize: 10
  m_Shadows:
    m_Type: 0
    m_Resolution: -1
    m_CustomResolution: -1
    m_Strength: 1
    m_Bias: 0.05
    m_NormalBias: 0.4
    m_NearPlane: 0.2
    m_CullingMatrixOverride:
      e00: 1
      e01: 0
      e02: 0
      e03: 0
      e10: 0
      e11: 1
      e12: 0
      e13: 0
      e20: 0
      e21: 0
      e22: 1
      e23: 0
      e30: 0
      e31: 0
      e32: 0
      e33: 1
    m_UseCullingMatrixOverride: 0
  m_Cookie: {fileID: 0}
  m_DrawHalo: 0
  m_Flare: {fileID: 0}
  m_RenderMode: 0
  m_CullingMask:
    serializedVersion: 2
    m_Bits: 4294967295
  m_RenderingLayerMask: 1
  m_Lightmapping: 1
  m_LightShadowCasterMode: 0
  m_AreaSize: {x: 1, y: 1}
  m_BounceIntensity: 1
  m_ColorTemperature: 6570
  m_UseColorTemperature: 0
  m_BoundingSphereOverride: {x: 0, y: 0, z: 0, w: 0}
  m_UseBoundingSphereOverride: 0
  m_UseViewFrustumForShadowCasterCull: 1
  m_ShadowRadius: 0
  m_ShadowAngle: 0
--- !u!4 &705507995
Transform:
  m_ObjectHideFlags: 0
  m_CorrespondingSourceObject: {fileID: 0}
  m_PrefabInstance: {fileID: 0}
  m_PrefabAsset: {fileID: 0}
  m_GameObject: {fileID: 705507993}
  m_LocalRotation: {x: 0.40821788, y: -0.23456968, z: 0.10938163, w: 0.8754261}
  m_LocalPosition: {x: 0, y: 3, z: 0}
  m_LocalScale: {x: 1, y: 1, z: 1}
  m_Children: []
  m_Father: {fileID: 573346540}
  m_RootOrder: 3
  m_LocalEulerAnglesHint: {x: 50, y: -30, z: 0}
--- !u!1 &723547160
GameObject:
  m_ObjectHideFlags: 0
  m_CorrespondingSourceObject: {fileID: 0}
  m_PrefabInstance: {fileID: 0}
  m_PrefabAsset: {fileID: 0}
  serializedVersion: 6
  m_Component:
  - component: {fileID: 723547161}
  m_Layer: 0
  m_Name: ----------UI----------
  m_TagString: Untagged
  m_Icon: {fileID: 0}
  m_NavMeshLayer: 0
  m_StaticEditorFlags: 0
  m_IsActive: 1
--- !u!4 &723547161
Transform:
  m_ObjectHideFlags: 0
  m_CorrespondingSourceObject: {fileID: 0}
  m_PrefabInstance: {fileID: 0}
  m_PrefabAsset: {fileID: 0}
  m_GameObject: {fileID: 723547160}
  m_LocalRotation: {x: 0, y: 0, z: 0, w: 1}
  m_LocalPosition: {x: 0, y: 0, z: 0}
  m_LocalScale: {x: 1, y: 1, z: 1}
  m_Children:
  - {fileID: 1788377097}
  - {fileID: 1106717586}
  m_Father: {fileID: 0}
  m_RootOrder: 2
  m_LocalEulerAnglesHint: {x: 0, y: 0, z: 0}
--- !u!1 &895312630
GameObject:
  m_ObjectHideFlags: 0
  m_CorrespondingSourceObject: {fileID: 0}
  m_PrefabInstance: {fileID: 0}
  m_PrefabAsset: {fileID: 0}
  serializedVersion: 6
  m_Component:
  - component: {fileID: 895312631}
  m_Layer: 0
  m_Name: -------Object---------
  m_TagString: Untagged
  m_Icon: {fileID: 0}
  m_NavMeshLayer: 0
  m_StaticEditorFlags: 0
  m_IsActive: 1
--- !u!4 &895312631
Transform:
  m_ObjectHideFlags: 0
  m_CorrespondingSourceObject: {fileID: 0}
  m_PrefabInstance: {fileID: 0}
  m_PrefabAsset: {fileID: 0}
  m_GameObject: {fileID: 895312630}
  m_LocalRotation: {x: 0, y: 0, z: 0, w: 1}
  m_LocalPosition: {x: -1.4702849, y: -4.4092693, z: 0.4430542}
  m_LocalScale: {x: 1, y: 1, z: 1}
  m_Children:
  - {fileID: 1623981793}
  - {fileID: 325399809}
  - {fileID: 1028484279}
  m_Father: {fileID: 0}
  m_RootOrder: 1
  m_LocalEulerAnglesHint: {x: 0, y: 0, z: 0}
--- !u!1 &963194225
GameObject:
  m_ObjectHideFlags: 0
  m_CorrespondingSourceObject: {fileID: 0}
  m_PrefabInstance: {fileID: 0}
  m_PrefabAsset: {fileID: 0}
  serializedVersion: 6
  m_Component:
  - component: {fileID: 963194228}
  - component: {fileID: 963194227}
  - component: {fileID: 963194226}
  - component: {fileID: 963194229}
  m_Layer: 0
  m_Name: Main Camera
  m_TagString: MainCamera
  m_Icon: {fileID: 0}
  m_NavMeshLayer: 0
  m_StaticEditorFlags: 0
  m_IsActive: 1
--- !u!81 &963194226
AudioListener:
  m_ObjectHideFlags: 0
  m_CorrespondingSourceObject: {fileID: 0}
  m_PrefabInstance: {fileID: 0}
  m_PrefabAsset: {fileID: 0}
  m_GameObject: {fileID: 963194225}
  m_Enabled: 1
--- !u!20 &963194227
Camera:
  m_ObjectHideFlags: 0
  m_CorrespondingSourceObject: {fileID: 0}
  m_PrefabInstance: {fileID: 0}
  m_PrefabAsset: {fileID: 0}
  m_GameObject: {fileID: 963194225}
  m_Enabled: 1
  serializedVersion: 2
  m_ClearFlags: 1
  m_BackGroundColor: {r: 0.19215687, g: 0.3019608, b: 0.4745098, a: 0}
  m_projectionMatrixMode: 1
  m_GateFitMode: 2
  m_FOVAxisMode: 0
  m_SensorSize: {x: 36, y: 24}
  m_LensShift: {x: 0, y: 0}
  m_FocalLength: 50
  m_NormalizedViewPortRect:
    serializedVersion: 2
    x: 0
    y: 0
    width: 1
    height: 1
  near clip plane: 0.3
  far clip plane: 1000
  field of view: 60
  orthographic: 0
  orthographic size: 5
  m_Depth: -1
  m_CullingMask:
    serializedVersion: 2
    m_Bits: 4294967295
  m_RenderingPath: -1
  m_TargetTexture: {fileID: 0}
  m_TargetDisplay: 0
  m_TargetEye: 3
  m_HDR: 1
  m_AllowMSAA: 1
  m_AllowDynamicResolution: 0
  m_ForceIntoRT: 0
  m_OcclusionCulling: 1
  m_StereoConvergence: 10
  m_StereoSeparation: 0.022
--- !u!4 &963194228
Transform:
  m_ObjectHideFlags: 0
  m_CorrespondingSourceObject: {fileID: 0}
  m_PrefabInstance: {fileID: 0}
  m_PrefabAsset: {fileID: 0}
  m_GameObject: {fileID: 963194225}
  m_LocalRotation: {x: 0.56642824, y: -0, z: -0, w: 0.8241111}
  m_LocalPosition: {x: 0.16, y: 6.14, z: -3.15}
  m_LocalScale: {x: 1, y: 1, z: 1}
  m_Children: []
  m_Father: {fileID: 573346540}
  m_RootOrder: 0
  m_LocalEulerAnglesHint: {x: 69.003, y: 0, z: 0}
--- !u!114 &963194229
MonoBehaviour:
  m_ObjectHideFlags: 0
  m_CorrespondingSourceObject: {fileID: 0}
  m_PrefabInstance: {fileID: 0}
  m_PrefabAsset: {fileID: 0}
  m_GameObject: {fileID: 963194225}
  m_Enabled: 1
  m_EditorHideFlags: 0
  m_Script: {fileID: 11500000, guid: a79441f348de89743a2939f4d699eac1, type: 3}
  m_Name: 
  m_EditorClassIdentifier: 
  m_RenderShadows: 1
  m_RequiresDepthTextureOption: 2
  m_RequiresOpaqueTextureOption: 2
  m_CameraType: 0
  m_Cameras: []
  m_RendererIndex: -1
  m_VolumeLayerMask:
    serializedVersion: 2
    m_Bits: 1
  m_VolumeTrigger: {fileID: 0}
  m_RenderPostProcessing: 0
  m_Antialiasing: 0
  m_AntialiasingQuality: 2
  m_StopNaN: 0
  m_Dithering: 0
  m_ClearDepth: 1
  m_AllowXRRendering: 1
  m_RequiresDepthTexture: 0
  m_RequiresColorTexture: 0
  m_Version: 2
--- !u!1 &980261394
GameObject:
  m_ObjectHideFlags: 0
  m_CorrespondingSourceObject: {fileID: 0}
  m_PrefabInstance: {fileID: 0}
  m_PrefabAsset: {fileID: 0}
  serializedVersion: 6
  m_Component:
  - component: {fileID: 980261395}
  - component: {fileID: 980261396}
  m_Layer: 0
  m_Name: Line
  m_TagString: Untagged
  m_Icon: {fileID: 0}
  m_NavMeshLayer: 0
  m_StaticEditorFlags: 0
  m_IsActive: 1
--- !u!4 &980261395
Transform:
  m_ObjectHideFlags: 0
  m_CorrespondingSourceObject: {fileID: 0}
  m_PrefabInstance: {fileID: 0}
  m_PrefabAsset: {fileID: 0}
  m_GameObject: {fileID: 980261394}
  m_LocalRotation: {x: 0, y: 0, z: 0, w: 1}
  m_LocalPosition: {x: 0, y: 0, z: 0}
  m_LocalScale: {x: 4.9998913, y: 4.887914, z: 30}
  m_Children: []
  m_Father: {fileID: 1028484279}
  m_RootOrder: 1
  m_LocalEulerAnglesHint: {x: 0, y: 0, z: 0}
--- !u!120 &980261396
LineRenderer:
  m_ObjectHideFlags: 0
  m_CorrespondingSourceObject: {fileID: 0}
  m_PrefabInstance: {fileID: 0}
  m_PrefabAsset: {fileID: 0}
  m_GameObject: {fileID: 980261394}
  m_Enabled: 1
  m_CastShadows: 1
  m_ReceiveShadows: 1
  m_DynamicOccludee: 1
  m_MotionVectors: 0
  m_LightProbeUsage: 0
  m_ReflectionProbeUsage: 0
  m_RayTracingMode: 0
  m_RayTraceProcedural: 0
  m_RenderingLayerMask: 1
  m_RendererPriority: 0
  m_Materials:
  - {fileID: 10306, guid: 0000000000000000f000000000000000, type: 0}
  m_StaticBatchInfo:
    firstSubMesh: 0
    subMeshCount: 0
  m_StaticBatchRoot: {fileID: 0}
  m_ProbeAnchor: {fileID: 0}
  m_LightProbeVolumeOverride: {fileID: 0}
  m_ScaleInLightmap: 1
  m_ReceiveGI: 1
  m_PreserveUVs: 0
  m_IgnoreNormalsForChartDetection: 0
  m_ImportantGI: 0
  m_StitchLightmapSeams: 1
  m_SelectedEditorRenderState: 3
  m_MinimumChartSize: 4
  m_AutoUVMaxDistance: 0.5
  m_AutoUVMaxAngle: 89
  m_LightmapParameters: {fileID: 0}
  m_SortingLayerID: 0
  m_SortingLayer: 0
  m_SortingOrder: 0
  m_Positions:
  - {x: 0, y: 0, z: 0}
  - {x: 0, y: 0, z: 1}
  m_Parameters:
    serializedVersion: 3
    widthMultiplier: 0.1
    widthCurve:
      serializedVersion: 2
      m_Curve:
      - serializedVersion: 3
        time: 0
        value: 1
        inSlope: 0
        outSlope: 0
        tangentMode: 0
        weightedMode: 0
        inWeight: 0.33333334
        outWeight: 0.33333334
      m_PreInfinity: 2
      m_PostInfinity: 2
      m_RotationOrder: 4
    colorGradient:
      serializedVersion: 2
      key0: {r: 0, g: 0.40248108, b: 1, a: 0.9577465}
      key1: {r: 0, g: 0.40248108, b: 1, a: 0.9577465}
      key2: {r: 0, g: 0, b: 0, a: 0.9577465}
      key3: {r: 0, g: 0, b: 0, a: 0}
      key4: {r: 0, g: 0, b: 0, a: 0}
      key5: {r: 0, g: 0, b: 0, a: 0}
      key6: {r: 0, g: 0, b: 0, a: 0}
      key7: {r: 0, g: 0, b: 0, a: 0}
      ctime0: 0
      ctime1: 65535
      ctime2: 0
      ctime3: 0
      ctime4: 0
      ctime5: 0
      ctime6: 0
      ctime7: 0
      atime0: 0
      atime1: 65535
      atime2: 65535
      atime3: 65535
      atime4: 0
      atime5: 0
      atime6: 0
      atime7: 0
      m_Mode: 1
      m_NumColorKeys: 2
      m_NumAlphaKeys: 2
    numCornerVertices: 0
    numCapVertices: 0
    alignment: 0
    textureMode: 0
    shadowBias: 0.5
    generateLightingData: 0
  m_UseWorldSpace: 0
  m_Loop: 0
--- !u!1 &1028484275
GameObject:
  m_ObjectHideFlags: 0
  m_CorrespondingSourceObject: {fileID: 0}
  m_PrefabInstance: {fileID: 0}
  m_PrefabAsset: {fileID: 0}
  serializedVersion: 6
  m_Component:
  - component: {fileID: 1028484279}
  - component: {fileID: 1028484278}
  - component: {fileID: 1028484277}
  - component: {fileID: 1028484276}
  - component: {fileID: 1028484280}
  m_Layer: 0
  m_Name: LaserBody
  m_TagString: Untagged
  m_Icon: {fileID: 0}
  m_NavMeshLayer: 0
  m_StaticEditorFlags: 0
  m_IsActive: 1
--- !u!65 &1028484276
BoxCollider:
  m_ObjectHideFlags: 0
  m_CorrespondingSourceObject: {fileID: 0}
  m_PrefabInstance: {fileID: 0}
  m_PrefabAsset: {fileID: 0}
  m_GameObject: {fileID: 1028484275}
  m_Material: {fileID: 0}
  m_IsTrigger: 0
  m_Enabled: 1
  serializedVersion: 2
  m_Size: {x: 1, y: 1, z: 1}
  m_Center: {x: 0, y: 0, z: 0}
--- !u!23 &1028484277
MeshRenderer:
  m_ObjectHideFlags: 0
  m_CorrespondingSourceObject: {fileID: 0}
  m_PrefabInstance: {fileID: 0}
  m_PrefabAsset: {fileID: 0}
  m_GameObject: {fileID: 1028484275}
  m_Enabled: 1
  m_CastShadows: 1
  m_ReceiveShadows: 1
  m_DynamicOccludee: 1
  m_MotionVectors: 1
  m_LightProbeUsage: 1
  m_ReflectionProbeUsage: 1
  m_RayTracingMode: 2
  m_RayTraceProcedural: 0
  m_RenderingLayerMask: 1
  m_RendererPriority: 0
  m_Materials:
  - {fileID: 2100000, guid: ed57eb4e281d2e94d85a5922fe927ab5, type: 2}
  m_StaticBatchInfo:
    firstSubMesh: 0
    subMeshCount: 0
  m_StaticBatchRoot: {fileID: 0}
  m_ProbeAnchor: {fileID: 0}
  m_LightProbeVolumeOverride: {fileID: 0}
  m_ScaleInLightmap: 1
  m_ReceiveGI: 1
  m_PreserveUVs: 0
  m_IgnoreNormalsForChartDetection: 0
  m_ImportantGI: 0
  m_StitchLightmapSeams: 1
  m_SelectedEditorRenderState: 3
  m_MinimumChartSize: 4
  m_AutoUVMaxDistance: 0.5
  m_AutoUVMaxAngle: 89
  m_LightmapParameters: {fileID: 0}
  m_SortingLayerID: 0
  m_SortingLayer: 0
  m_SortingOrder: 0
  m_AdditionalVertexStreams: {fileID: 0}
--- !u!33 &1028484278
MeshFilter:
  m_ObjectHideFlags: 0
  m_CorrespondingSourceObject: {fileID: 0}
  m_PrefabInstance: {fileID: 0}
  m_PrefabAsset: {fileID: 0}
  m_GameObject: {fileID: 1028484275}
  m_Mesh: {fileID: 10202, guid: 0000000000000000e000000000000000, type: 0}
--- !u!4 &1028484279
Transform:
  m_ObjectHideFlags: 0
  m_CorrespondingSourceObject: {fileID: 0}
  m_PrefabInstance: {fileID: 0}
  m_PrefabAsset: {fileID: 0}
  m_GameObject: {fileID: 1028484275}
  m_LocalRotation: {x: 0.107736506, y: -0.0020551186, z: -0.0117214145, w: 0.9941083}
  m_LocalPosition: {x: 3.660285, y: 8.449269, z: -3.563054}
  m_LocalScale: {x: 0.20000002, y: 0.19999999, z: 0.3}
  m_Children:
  - {fileID: 487047208}
  - {fileID: 980261395}
  m_Father: {fileID: 895312631}
  m_RootOrder: 2
  m_LocalEulerAnglesHint: {x: 12.366, y: -0.388, z: -1.393}
--- !u!114 &1028484280
MonoBehaviour:
  m_ObjectHideFlags: 0
  m_CorrespondingSourceObject: {fileID: 0}
  m_PrefabInstance: {fileID: 0}
  m_PrefabAsset: {fileID: 0}
  m_GameObject: {fileID: 1028484275}
  m_Enabled: 1
  m_EditorHideFlags: 0
  m_Script: {fileID: 11500000, guid: 539a517fb2d1e5547b6a164abc377e4c, type: 3}
  m_Name: 
  m_EditorClassIdentifier: 
  laserColors:
  - {fileID: 6991916760619130572, guid: 83867d1d805f9bc4baaf7fc7839299b8, type: 3}
  - {fileID: 6991916760619130572, guid: 63e5170412a28d14d81c9474c7f429b3, type: 3}
  - {fileID: 6991916760619130572, guid: b8d024bd1abaca746a38f068023d5b3c, type: 3}
  - {fileID: 6991916760619130572, guid: 3401e5f73aec24144bb7bedb904a1632, type: 3}
  Select: 0
  laser: {fileID: 980261394}
  RedLaser: {r: 1, g: 0, b: 0, a: 1}
  BlueLaser: {r: 0, g: 0, b: 1, a: 1}
  GreenLaser: {r: 0, g: 1, b: 0, a: 1}
  BlackLaser: {r: 0, g: 0, b: 0, a: 1}
  prefabTest: {fileID: 6991916760619130572, guid: b8d024bd1abaca746a38f068023d5b3c, type: 3}
  check: {fileID: 0}
  checktake: {fileID: 0}
--- !u!1001 &1106717585
PrefabInstance:
  m_ObjectHideFlags: 0
  serializedVersion: 2
  m_Modification:
    m_TransformParent: {fileID: 723547161}
    m_Modifications:
    - target: {fileID: 117033804, guid: c4b5962ebac472c4d8f9e456bab0d9c1, type: 3}
      propertyPath: laser
      value: 
      objectReference: {fileID: 1028484275}
    - target: {fileID: 605985628, guid: c4b5962ebac472c4d8f9e456bab0d9c1, type: 3}
      propertyPath: m_IsActive
      value: 0
      objectReference: {fileID: 0}
    - target: {fileID: 738533121, guid: c4b5962ebac472c4d8f9e456bab0d9c1, type: 3}
      propertyPath: m_AnchorMax.x
      value: 0.79998
      objectReference: {fileID: 0}
    - target: {fileID: 738533121, guid: c4b5962ebac472c4d8f9e456bab0d9c1, type: 3}
      propertyPath: m_AnchorMax.y
      value: 1
      objectReference: {fileID: 0}
    - target: {fileID: 738533121, guid: c4b5962ebac472c4d8f9e456bab0d9c1, type: 3}
      propertyPath: m_AnchorMin.x
      value: 0.79998
      objectReference: {fileID: 0}
    - target: {fileID: 749474899, guid: c4b5962ebac472c4d8f9e456bab0d9c1, type: 3}
      propertyPath: m_AnchorMax.x
      value: 0.79998
      objectReference: {fileID: 0}
    - target: {fileID: 749474899, guid: c4b5962ebac472c4d8f9e456bab0d9c1, type: 3}
      propertyPath: m_AnchorMax.y
      value: 1
      objectReference: {fileID: 0}
    - target: {fileID: 1168341127, guid: c4b5962ebac472c4d8f9e456bab0d9c1, type: 3}
      propertyPath: m_OnClick.m_PersistentCalls.m_Calls.Array.data[0].m_Target
      value: 
      objectReference: {fileID: 1106717587}
    - target: {fileID: 1168341127, guid: c4b5962ebac472c4d8f9e456bab0d9c1, type: 3}
      propertyPath: m_OnClick.m_PersistentCalls.m_Calls.Array.data[0].m_MethodName
      value: Restart
      objectReference: {fileID: 0}
    - target: {fileID: 6927839602648688155, guid: c4b5962ebac472c4d8f9e456bab0d9c1, type: 3}
      propertyPath: m_text
      value: 'Volume :'
      objectReference: {fileID: 0}
    - target: {fileID: 6927839602648688155, guid: c4b5962ebac472c4d8f9e456bab0d9c1, type: 3}
      propertyPath: m_fontColor.b
      value: 1
      objectReference: {fileID: 0}
    - target: {fileID: 6927839602648688155, guid: c4b5962ebac472c4d8f9e456bab0d9c1, type: 3}
      propertyPath: m_fontColor.g
      value: 1
      objectReference: {fileID: 0}
    - target: {fileID: 6927839602648688155, guid: c4b5962ebac472c4d8f9e456bab0d9c1, type: 3}
      propertyPath: m_fontColor.r
      value: 1
      objectReference: {fileID: 0}
    - target: {fileID: 6927839602648688155, guid: c4b5962ebac472c4d8f9e456bab0d9c1, type: 3}
      propertyPath: m_fontColor32.rgba
      value: 4294967295
      objectReference: {fileID: 0}
    - target: {fileID: 7924160314684834761, guid: c4b5962ebac472c4d8f9e456bab0d9c1, type: 3}
      propertyPath: m_Pivot.x
      value: 0
      objectReference: {fileID: 0}
    - target: {fileID: 7924160314684834761, guid: c4b5962ebac472c4d8f9e456bab0d9c1, type: 3}
      propertyPath: m_Pivot.y
      value: 0
      objectReference: {fileID: 0}
    - target: {fileID: 7924160314684834761, guid: c4b5962ebac472c4d8f9e456bab0d9c1, type: 3}
      propertyPath: m_RootOrder
      value: 1
      objectReference: {fileID: 0}
    - target: {fileID: 7924160314684834761, guid: c4b5962ebac472c4d8f9e456bab0d9c1, type: 3}
      propertyPath: m_AnchorMax.x
      value: 0
      objectReference: {fileID: 0}
    - target: {fileID: 7924160314684834761, guid: c4b5962ebac472c4d8f9e456bab0d9c1, type: 3}
      propertyPath: m_AnchorMax.y
      value: 0
      objectReference: {fileID: 0}
    - target: {fileID: 7924160314684834761, guid: c4b5962ebac472c4d8f9e456bab0d9c1, type: 3}
      propertyPath: m_AnchorMin.x
      value: 0
      objectReference: {fileID: 0}
    - target: {fileID: 7924160314684834761, guid: c4b5962ebac472c4d8f9e456bab0d9c1, type: 3}
      propertyPath: m_AnchorMin.y
      value: 0
      objectReference: {fileID: 0}
    - target: {fileID: 7924160314684834761, guid: c4b5962ebac472c4d8f9e456bab0d9c1, type: 3}
      propertyPath: m_SizeDelta.x
      value: 0
      objectReference: {fileID: 0}
    - target: {fileID: 7924160314684834761, guid: c4b5962ebac472c4d8f9e456bab0d9c1, type: 3}
      propertyPath: m_SizeDelta.y
      value: 0
      objectReference: {fileID: 0}
    - target: {fileID: 7924160314684834761, guid: c4b5962ebac472c4d8f9e456bab0d9c1, type: 3}
      propertyPath: m_LocalPosition.x
      value: 0
      objectReference: {fileID: 0}
    - target: {fileID: 7924160314684834761, guid: c4b5962ebac472c4d8f9e456bab0d9c1, type: 3}
      propertyPath: m_LocalPosition.y
      value: 0
      objectReference: {fileID: 0}
    - target: {fileID: 7924160314684834761, guid: c4b5962ebac472c4d8f9e456bab0d9c1, type: 3}
      propertyPath: m_LocalPosition.z
      value: 0
      objectReference: {fileID: 0}
    - target: {fileID: 7924160314684834761, guid: c4b5962ebac472c4d8f9e456bab0d9c1, type: 3}
      propertyPath: m_LocalRotation.w
      value: 1
      objectReference: {fileID: 0}
    - target: {fileID: 7924160314684834761, guid: c4b5962ebac472c4d8f9e456bab0d9c1, type: 3}
      propertyPath: m_LocalRotation.x
      value: 0
      objectReference: {fileID: 0}
    - target: {fileID: 7924160314684834761, guid: c4b5962ebac472c4d8f9e456bab0d9c1, type: 3}
      propertyPath: m_LocalRotation.y
      value: 0
      objectReference: {fileID: 0}
    - target: {fileID: 7924160314684834761, guid: c4b5962ebac472c4d8f9e456bab0d9c1, type: 3}
      propertyPath: m_LocalRotation.z
      value: 0
      objectReference: {fileID: 0}
    - target: {fileID: 7924160314684834761, guid: c4b5962ebac472c4d8f9e456bab0d9c1, type: 3}
      propertyPath: m_AnchoredPosition.x
      value: 0
      objectReference: {fileID: 0}
    - target: {fileID: 7924160314684834761, guid: c4b5962ebac472c4d8f9e456bab0d9c1, type: 3}
      propertyPath: m_AnchoredPosition.y
      value: 0
      objectReference: {fileID: 0}
    - target: {fileID: 7924160314684834761, guid: c4b5962ebac472c4d8f9e456bab0d9c1, type: 3}
      propertyPath: m_LocalEulerAnglesHint.x
      value: 0
      objectReference: {fileID: 0}
    - target: {fileID: 7924160314684834761, guid: c4b5962ebac472c4d8f9e456bab0d9c1, type: 3}
      propertyPath: m_LocalEulerAnglesHint.y
      value: 0
      objectReference: {fileID: 0}
    - target: {fileID: 7924160314684834761, guid: c4b5962ebac472c4d8f9e456bab0d9c1, type: 3}
      propertyPath: m_LocalEulerAnglesHint.z
      value: 0
      objectReference: {fileID: 0}
    - target: {fileID: 7924160314684834773, guid: c4b5962ebac472c4d8f9e456bab0d9c1, type: 3}
      propertyPath: m_Name
      value: mainCanvas
      objectReference: {fileID: 0}
    m_RemovedComponents: []
  m_SourcePrefab: {fileID: 100100000, guid: c4b5962ebac472c4d8f9e456bab0d9c1, type: 3}
--- !u!224 &1106717586 stripped
RectTransform:
  m_CorrespondingSourceObject: {fileID: 7924160314684834761, guid: c4b5962ebac472c4d8f9e456bab0d9c1, type: 3}
  m_PrefabInstance: {fileID: 1106717585}
  m_PrefabAsset: {fileID: 0}
--- !u!114 &1106717587 stripped
MonoBehaviour:
  m_CorrespondingSourceObject: {fileID: 117033804, guid: c4b5962ebac472c4d8f9e456bab0d9c1, type: 3}
  m_PrefabInstance: {fileID: 1106717585}
  m_PrefabAsset: {fileID: 0}
  m_GameObject: {fileID: 0}
  m_Enabled: 1
  m_EditorHideFlags: 0
  m_Script: {fileID: 11500000, guid: 2b4f21731f8c7c243b7754c098e2b244, type: 3}
  m_Name: 
  m_EditorClassIdentifier: 
--- !u!114 &1257223964 stripped
MonoBehaviour:
  m_CorrespondingSourceObject: {fileID: 7924160314684834766, guid: c4b5962ebac472c4d8f9e456bab0d9c1, type: 3}
  m_PrefabInstance: {fileID: 1106717585}
  m_PrefabAsset: {fileID: 0}
  m_GameObject: {fileID: 0}
  m_Enabled: 1
  m_EditorHideFlags: 0
  m_Script: {fileID: 11500000, guid: 32a2902f7791c144a9c0c518b189e3b6, type: 3}
  m_Name: 
  m_EditorClassIdentifier: 
--- !u!1 &1498202017
GameObject:
  m_ObjectHideFlags: 0
  m_CorrespondingSourceObject: {fileID: 0}
  m_PrefabInstance: {fileID: 0}
  m_PrefabAsset: {fileID: 0}
  serializedVersion: 6
  m_Component:
  - component: {fileID: 1498202019}
  - component: {fileID: 1498202018}
  - component: {fileID: 1498202020}
  - component: {fileID: 1498202021}
  m_Layer: 0
  m_Name: manage
  m_TagString: Untagged
  m_Icon: {fileID: 0}
  m_NavMeshLayer: 0
  m_StaticEditorFlags: 0
  m_IsActive: 1
--- !u!114 &1498202018
MonoBehaviour:
  m_ObjectHideFlags: 0
  m_CorrespondingSourceObject: {fileID: 0}
  m_PrefabInstance: {fileID: 0}
  m_PrefabAsset: {fileID: 0}
  m_GameObject: {fileID: 1498202017}
  m_Enabled: 1
  m_EditorHideFlags: 0
  m_Script: {fileID: 11500000, guid: 266f41931327f83489f03c47091fd135, type: 3}
  m_Name: 
  m_EditorClassIdentifier: 
  antNotesRef:
  - Red
  - Red
  - Red
  - Blue
  - Red
  - Green
  - Black
  antNotes: []
  currentStateList: 0
  transition: {fileID: 298417526}
--- !u!4 &1498202019
Transform:
  m_ObjectHideFlags: 0
  m_CorrespondingSourceObject: {fileID: 0}
  m_PrefabInstance: {fileID: 0}
  m_PrefabAsset: {fileID: 0}
  m_GameObject: {fileID: 1498202017}
  m_LocalRotation: {x: -0, y: -0, z: -0, w: 1}
  m_LocalPosition: {x: 0, y: 0, z: 0}
  m_LocalScale: {x: 1, y: 1, z: 1}
  m_Children: []
  m_Father: {fileID: 573346540}
  m_RootOrder: 1
  m_LocalEulerAnglesHint: {x: 0, y: 0, z: 0}
--- !u!114 &1498202020
MonoBehaviour:
  m_ObjectHideFlags: 0
  m_CorrespondingSourceObject: {fileID: 0}
  m_PrefabInstance: {fileID: 0}
  m_PrefabAsset: {fileID: 0}
  m_GameObject: {fileID: 1498202017}
  m_Enabled: 1
  m_EditorHideFlags: 0
  m_Script: {fileID: 11500000, guid: 43b0a6afb4dd87046b0f23b2ac310d14, type: 3}
  m_Name: 
  m_EditorClassIdentifier: 
  red: {fileID: 8300000, guid: e3e779ca28571cc4c993bdcef8d5ad31, type: 3}
  blue: {fileID: 8300000, guid: d428c5c78835ed54e94f499cd63aee49, type: 3}
  green: {fileID: 8300000, guid: 7e90683f2c040f34581a5855d02ee7ea, type: 3}
  black: {fileID: 8300000, guid: cb113726d330cce4087706987ad4ab29, type: 3}
  soundTransition: {fileID: 8300000, guid: 546108c4cfd78d049919a194e25f159e, type: 3}
--- !u!82 &1498202021
AudioSource:
  m_ObjectHideFlags: 0
  m_CorrespondingSourceObject: {fileID: 0}
  m_PrefabInstance: {fileID: 0}
  m_PrefabAsset: {fileID: 0}
  m_GameObject: {fileID: 1498202017}
  m_Enabled: 1
  serializedVersion: 4
  OutputAudioMixerGroup: {fileID: 24300002, guid: 2440aab4c6addec45ba529966f1cfcb8, type: 2}
  m_audioClip: {fileID: 8300000, guid: 8e77ad7ce0627594d8efa9af33fc19e0, type: 3}
  m_PlayOnAwake: 1
  m_Volume: 1
  m_Pitch: 1
  Loop: 0
  Mute: 0
  Spatialize: 0
  SpatializePostEffects: 0
  Priority: 128
  DopplerLevel: 1
  MinDistance: 1
  MaxDistance: 500
  Pan2D: 0
  rolloffMode: 0
  BypassEffects: 0
  BypassListenerEffects: 0
  BypassReverbZones: 0
  rolloffCustomCurve:
    serializedVersion: 2
    m_Curve:
    - serializedVersion: 3
      time: 0
      value: 1
      inSlope: 0
      outSlope: 0
      tangentMode: 0
      weightedMode: 0
      inWeight: 0.33333334
      outWeight: 0.33333334
    - serializedVersion: 3
      time: 1
      value: 0
      inSlope: 0
      outSlope: 0
      tangentMode: 0
      weightedMode: 0
      inWeight: 0.33333334
      outWeight: 0.33333334
    m_PreInfinity: 2
    m_PostInfinity: 2
    m_RotationOrder: 4
  panLevelCustomCurve:
    serializedVersion: 2
    m_Curve:
    - serializedVersion: 3
      time: 0
      value: 0
      inSlope: 0
      outSlope: 0
      tangentMode: 0
      weightedMode: 0
      inWeight: 0.33333334
      outWeight: 0.33333334
    m_PreInfinity: 2
    m_PostInfinity: 2
    m_RotationOrder: 4
  spreadCustomCurve:
    serializedVersion: 2
    m_Curve:
    - serializedVersion: 3
      time: 0
      value: 0
      inSlope: 0
      outSlope: 0
      tangentMode: 0
      weightedMode: 0
      inWeight: 0.33333334
      outWeight: 0.33333334
    m_PreInfinity: 2
    m_PostInfinity: 2
    m_RotationOrder: 4
  reverbZoneMixCustomCurve:
    serializedVersion: 2
    m_Curve:
    - serializedVersion: 3
      time: 0
      value: 1
      inSlope: 0
      outSlope: 0
      tangentMode: 0
      weightedMode: 0
      inWeight: 0.33333334
      outWeight: 0.33333334
    m_PreInfinity: 2
    m_PostInfinity: 2
    m_RotationOrder: 4
--- !u!1001 &1623981792
PrefabInstance:
  m_ObjectHideFlags: 0
  serializedVersion: 2
  m_Modification:
    m_TransformParent: {fileID: 895312631}
    m_Modifications:
    - target: {fileID: 2649604498708052621, guid: a8d0a1e9f3dba2843b567c6d30d955a8, type: 3}
      propertyPath: m_RootOrder
      value: 0
      objectReference: {fileID: 0}
    - target: {fileID: 2649604498708052621, guid: a8d0a1e9f3dba2843b567c6d30d955a8, type: 3}
      propertyPath: m_LocalPosition.x
      value: -1.9297152
      objectReference: {fileID: 0}
    - target: {fileID: 2649604498708052621, guid: a8d0a1e9f3dba2843b567c6d30d955a8, type: 3}
      propertyPath: m_LocalPosition.y
      value: -10.890731
      objectReference: {fileID: 0}
    - target: {fileID: 2649604498708052621, guid: a8d0a1e9f3dba2843b567c6d30d955a8, type: 3}
      propertyPath: m_LocalPosition.z
      value: -3.7430542
      objectReference: {fileID: 0}
    - target: {fileID: 2649604498708052621, guid: a8d0a1e9f3dba2843b567c6d30d955a8, type: 3}
      propertyPath: m_LocalRotation.w
      value: 0.00008615478
      objectReference: {fileID: 0}
    - target: {fileID: 2649604498708052621, guid: a8d0a1e9f3dba2843b567c6d30d955a8, type: 3}
      propertyPath: m_LocalRotation.x
      value: -0
      objectReference: {fileID: 0}
    - target: {fileID: 2649604498708052621, guid: a8d0a1e9f3dba2843b567c6d30d955a8, type: 3}
      propertyPath: m_LocalRotation.y
      value: -1
      objectReference: {fileID: 0}
    - target: {fileID: 2649604498708052621, guid: a8d0a1e9f3dba2843b567c6d30d955a8, type: 3}
      propertyPath: m_LocalRotation.z
      value: -0
      objectReference: {fileID: 0}
    - target: {fileID: 2649604498708052621, guid: a8d0a1e9f3dba2843b567c6d30d955a8, type: 3}
      propertyPath: m_LocalEulerAnglesHint.x
      value: 0
      objectReference: {fileID: 0}
    - target: {fileID: 2649604498708052621, guid: a8d0a1e9f3dba2843b567c6d30d955a8, type: 3}
      propertyPath: m_LocalEulerAnglesHint.y
      value: -179.99
      objectReference: {fileID: 0}
    - target: {fileID: 2649604498708052621, guid: a8d0a1e9f3dba2843b567c6d30d955a8, type: 3}
      propertyPath: m_LocalEulerAnglesHint.z
      value: 0
      objectReference: {fileID: 0}
    - target: {fileID: 4585540236816641414, guid: a8d0a1e9f3dba2843b567c6d30d955a8, type: 3}
      propertyPath: m_Name
      value: 'environment '
      objectReference: {fileID: 0}
    - target: {fileID: 5840838730174125070, guid: a8d0a1e9f3dba2843b567c6d30d955a8, type: 3}
      propertyPath: m_LocalPosition.x
      value: -10.628337
      objectReference: {fileID: 0}
    - target: {fileID: 5840838730174125070, guid: a8d0a1e9f3dba2843b567c6d30d955a8, type: 3}
      propertyPath: m_LocalPosition.y
      value: 13.265775
      objectReference: {fileID: 0}
    - target: {fileID: 5840838730174125070, guid: a8d0a1e9f3dba2843b567c6d30d955a8, type: 3}
      propertyPath: m_LocalPosition.z
      value: -7.418319
      objectReference: {fileID: 0}
    - target: {fileID: 5840838730174125070, guid: a8d0a1e9f3dba2843b567c6d30d955a8, type: 3}
      propertyPath: m_LocalRotation.w
      value: -0.56786656
      objectReference: {fileID: 0}
    - target: {fileID: 5840838730174125070, guid: a8d0a1e9f3dba2843b567c6d30d955a8, type: 3}
      propertyPath: m_LocalRotation.x
      value: -0.13328716
      objectReference: {fileID: 0}
    - target: {fileID: 5840838730174125070, guid: a8d0a1e9f3dba2843b567c6d30d955a8, type: 3}
      propertyPath: m_LocalRotation.y
      value: -0.27465335
      objectReference: {fileID: 0}
    - target: {fileID: 5840838730174125070, guid: a8d0a1e9f3dba2843b567c6d30d955a8, type: 3}
      propertyPath: m_LocalRotation.z
      value: -0.7644133
      objectReference: {fileID: 0}
    - target: {fileID: 5840838730174125070, guid: a8d0a1e9f3dba2843b567c6d30d955a8, type: 3}
      propertyPath: m_LocalEulerAnglesHint.x
      value: -15.576
      objectReference: {fileID: 0}
    - target: {fileID: 5840838730174125070, guid: a8d0a1e9f3dba2843b567c6d30d955a8, type: 3}
      propertyPath: m_LocalEulerAnglesHint.y
      value: 32.369
      objectReference: {fileID: 0}
    - target: {fileID: 5840838730174125070, guid: a8d0a1e9f3dba2843b567c6d30d955a8, type: 3}
      propertyPath: m_LocalEulerAnglesHint.z
      value: -257.762
      objectReference: {fileID: 0}
    - target: {fileID: 7116729101521539082, guid: a8d0a1e9f3dba2843b567c6d30d955a8, type: 3}
      propertyPath: m_LocalPosition.x
      value: -9.7042465
      objectReference: {fileID: 0}
    - target: {fileID: 7116729101521539082, guid: a8d0a1e9f3dba2843b567c6d30d955a8, type: 3}
      propertyPath: m_LocalPosition.y
      value: 15.553633
      objectReference: {fileID: 0}
    - target: {fileID: 7116729101521539082, guid: a8d0a1e9f3dba2843b567c6d30d955a8, type: 3}
      propertyPath: m_LocalPosition.z
      value: -5.3772945
      objectReference: {fileID: 0}
    - target: {fileID: 7116729101521539082, guid: a8d0a1e9f3dba2843b567c6d30d955a8, type: 3}
      propertyPath: m_LocalRotation.w
      value: -0.3421126
      objectReference: {fileID: 0}
    - target: {fileID: 7116729101521539082, guid: a8d0a1e9f3dba2843b567c6d30d955a8, type: 3}
      propertyPath: m_LocalRotation.x
      value: -0.59822315
      objectReference: {fileID: 0}
    - target: {fileID: 7116729101521539082, guid: a8d0a1e9f3dba2843b567c6d30d955a8, type: 3}
      propertyPath: m_LocalRotation.y
      value: 0.72456115
      objectReference: {fileID: 0}
    - target: {fileID: 7116729101521539082, guid: a8d0a1e9f3dba2843b567c6d30d955a8, type: 3}
      propertyPath: m_LocalRotation.z
      value: 0.009968485
      objectReference: {fileID: 0}
    - target: {fileID: 7116729101521539082, guid: a8d0a1e9f3dba2843b567c6d30d955a8, type: 3}
      propertyPath: m_LocalEulerAnglesHint.x
      value: 23.258
      objectReference: {fileID: 0}
    - target: {fileID: 7116729101521539082, guid: a8d0a1e9f3dba2843b567c6d30d955a8, type: 3}
      propertyPath: m_LocalEulerAnglesHint.y
      value: 213.545
      objectReference: {fileID: 0}
    - target: {fileID: 7116729101521539082, guid: a8d0a1e9f3dba2843b567c6d30d955a8, type: 3}
      propertyPath: m_LocalEulerAnglesHint.z
      value: -71.99
      objectReference: {fileID: 0}
    m_RemovedComponents: []
  m_SourcePrefab: {fileID: 100100000, guid: a8d0a1e9f3dba2843b567c6d30d955a8, type: 3}
--- !u!4 &1623981793 stripped
Transform:
  m_CorrespondingSourceObject: {fileID: 2649604498708052621, guid: a8d0a1e9f3dba2843b567c6d30d955a8, type: 3}
  m_PrefabInstance: {fileID: 1623981792}
  m_PrefabAsset: {fileID: 0}
--- !u!1001 &1788377096
PrefabInstance:
  m_ObjectHideFlags: 0
  serializedVersion: 2
  m_Modification:
    m_TransformParent: {fileID: 723547161}
    m_Modifications:
    - target: {fileID: 7105141019343444041, guid: cf412e5f88f573044a31e3dea6b18c29, type: 3}
      propertyPath: m_Name
      value: transition
      objectReference: {fileID: 0}
    - target: {fileID: 7105141019343444042, guid: cf412e5f88f573044a31e3dea6b18c29, type: 3}
      propertyPath: m_RootOrder
      value: 0
      objectReference: {fileID: 0}
    - target: {fileID: 7105141019343444042, guid: cf412e5f88f573044a31e3dea6b18c29, type: 3}
      propertyPath: m_LocalPosition.x
      value: 0
      objectReference: {fileID: 0}
    - target: {fileID: 7105141019343444042, guid: cf412e5f88f573044a31e3dea6b18c29, type: 3}
      propertyPath: m_LocalPosition.y
      value: 5.39
      objectReference: {fileID: 0}
    - target: {fileID: 7105141019343444042, guid: cf412e5f88f573044a31e3dea6b18c29, type: 3}
      propertyPath: m_LocalPosition.z
      value: -2.65
      objectReference: {fileID: 0}
    - target: {fileID: 7105141019343444042, guid: cf412e5f88f573044a31e3dea6b18c29, type: 3}
      propertyPath: m_LocalRotation.w
      value: 0.81478727
      objectReference: {fileID: 0}
    - target: {fileID: 7105141019343444042, guid: cf412e5f88f573044a31e3dea6b18c29, type: 3}
      propertyPath: m_LocalRotation.x
      value: 0.57976013
      objectReference: {fileID: 0}
    - target: {fileID: 7105141019343444042, guid: cf412e5f88f573044a31e3dea6b18c29, type: 3}
      propertyPath: m_LocalRotation.y
      value: -0
      objectReference: {fileID: 0}
    - target: {fileID: 7105141019343444042, guid: cf412e5f88f573044a31e3dea6b18c29, type: 3}
      propertyPath: m_LocalRotation.z
      value: -0
      objectReference: {fileID: 0}
    - target: {fileID: 7105141019343444042, guid: cf412e5f88f573044a31e3dea6b18c29, type: 3}
      propertyPath: m_LocalEulerAnglesHint.x
      value: 70.867
      objectReference: {fileID: 0}
    - target: {fileID: 7105141019343444042, guid: cf412e5f88f573044a31e3dea6b18c29, type: 3}
      propertyPath: m_LocalEulerAnglesHint.y
      value: 0
      objectReference: {fileID: 0}
    - target: {fileID: 7105141019343444042, guid: cf412e5f88f573044a31e3dea6b18c29, type: 3}
      propertyPath: m_LocalEulerAnglesHint.z
      value: 0
      objectReference: {fileID: 0}
    - target: {fileID: 7105141019343444044, guid: cf412e5f88f573044a31e3dea6b18c29, type: 3}
      propertyPath: soundM
      value: 
      objectReference: {fileID: 1498202020}
    - target: {fileID: 7105141019343444044, guid: cf412e5f88f573044a31e3dea6b18c29, type: 3}
      propertyPath: actDialog
      value: 
      objectReference: {fileID: 1257223964}
    - target: {fileID: 7105141019343444044, guid: cf412e5f88f573044a31e3dea6b18c29, type: 3}
      propertyPath: winCondition
      value: 
      objectReference: {fileID: 11400000, guid: ada86e23396013b44b6481229fcaf4df, type: 2}
    - target: {fileID: 7105141019343444044, guid: cf412e5f88f573044a31e3dea6b18c29, type: 3}
      propertyPath: looseCondition
      value: 
      objectReference: {fileID: 11400000, guid: 4430cd919e9d1d14aa6eac0f280fc1dd, type: 2}
    m_RemovedComponents: []
  m_SourcePrefab: {fileID: 100100000, guid: cf412e5f88f573044a31e3dea6b18c29, type: 3}
--- !u!4 &1788377097 stripped
Transform:
  m_CorrespondingSourceObject: {fileID: 7105141019343444042, guid: cf412e5f88f573044a31e3dea6b18c29, type: 3}
  m_PrefabInstance: {fileID: 1788377096}
  m_PrefabAsset: {fileID: 0}
--- !u!1 &1878314724 stripped
GameObject:
  m_CorrespondingSourceObject: {fileID: 919132149155446097, guid: 23cab475180dc9641a103c9ccafe51fa, type: 3}
  m_PrefabInstance: {fileID: 325399808}
  m_PrefabAsset: {fileID: 0}
--- !u!64 &1878314728
MeshCollider:
  m_ObjectHideFlags: 0
  m_CorrespondingSourceObject: {fileID: 0}
  m_PrefabInstance: {fileID: 0}
  m_PrefabAsset: {fileID: 0}
  m_GameObject: {fileID: 1878314724}
  m_Material: {fileID: 0}
  m_IsTrigger: 0
  m_Enabled: 1
  serializedVersion: 4
  m_Convex: 0
  m_CookingOptions: 30
  m_Mesh: {fileID: -2124705421725058983, guid: 23cab475180dc9641a103c9ccafe51fa, type: 3}
--- !u!1001 &4761143568368984249
PrefabInstance:
  m_ObjectHideFlags: 0
  serializedVersion: 2
  m_Modification:
    m_TransformParent: {fileID: 573346540}
    m_Modifications:
    - target: {fileID: 4761143569452845770, guid: 1bfa2af244635f046a22f77ad2370a74, type: 3}
      propertyPath: antNumber
      value: 4
      objectReference: {fileID: 0}
    - target: {fileID: 4761143569452845771, guid: 1bfa2af244635f046a22f77ad2370a74, type: 3}
      propertyPath: m_Name
      value: LevelManager
      objectReference: {fileID: 0}
    - target: {fileID: 4761143569452845773, guid: 1bfa2af244635f046a22f77ad2370a74, type: 3}
      propertyPath: m_RootOrder
      value: 2
      objectReference: {fileID: 0}
    - target: {fileID: 4761143569452845773, guid: 1bfa2af244635f046a22f77ad2370a74, type: 3}
      propertyPath: m_LocalPosition.x
      value: 0.26
      objectReference: {fileID: 0}
    - target: {fileID: 4761143569452845773, guid: 1bfa2af244635f046a22f77ad2370a74, type: 3}
      propertyPath: m_LocalPosition.y
      value: -2.25
      objectReference: {fileID: 0}
    - target: {fileID: 4761143569452845773, guid: 1bfa2af244635f046a22f77ad2370a74, type: 3}
      propertyPath: m_LocalPosition.z
      value: 1.21
      objectReference: {fileID: 0}
    - target: {fileID: 4761143569452845773, guid: 1bfa2af244635f046a22f77ad2370a74, type: 3}
      propertyPath: m_LocalRotation.w
      value: 1
      objectReference: {fileID: 0}
    - target: {fileID: 4761143569452845773, guid: 1bfa2af244635f046a22f77ad2370a74, type: 3}
      propertyPath: m_LocalRotation.x
      value: -0
      objectReference: {fileID: 0}
    - target: {fileID: 4761143569452845773, guid: 1bfa2af244635f046a22f77ad2370a74, type: 3}
      propertyPath: m_LocalRotation.y
      value: -0
      objectReference: {fileID: 0}
    - target: {fileID: 4761143569452845773, guid: 1bfa2af244635f046a22f77ad2370a74, type: 3}
      propertyPath: m_LocalRotation.z
      value: -0
      objectReference: {fileID: 0}
    - target: {fileID: 4761143569452845773, guid: 1bfa2af244635f046a22f77ad2370a74, type: 3}
      propertyPath: m_LocalEulerAnglesHint.x
      value: 0
      objectReference: {fileID: 0}
    - target: {fileID: 4761143569452845773, guid: 1bfa2af244635f046a22f77ad2370a74, type: 3}
      propertyPath: m_LocalEulerAnglesHint.y
      value: 0
      objectReference: {fileID: 0}
    - target: {fileID: 4761143569452845773, guid: 1bfa2af244635f046a22f77ad2370a74, type: 3}
      propertyPath: m_LocalEulerAnglesHint.z
      value: 0
      objectReference: {fileID: 0}
    m_RemovedComponents: []
  m_SourcePrefab: {fileID: 100100000, guid: 1bfa2af244635f046a22f77ad2370a74, type: 3}
--- !u!4 &4761143568368984250 stripped
Transform:
  m_CorrespondingSourceObject: {fileID: 4761143569452845773, guid: 1bfa2af244635f046a22f77ad2370a74, type: 3}
  m_PrefabInstance: {fileID: 4761143568368984249}
  m_PrefabAsset: {fileID: 0}
