%YAML 1.1
%TAG !u! tag:unity3d.com,2011:
--- !u!29 &1
OcclusionCullingSettings:
  m_ObjectHideFlags: 0
  serializedVersion: 2
  m_OcclusionBakeSettings:
    smallestOccluder: 5
    smallestHole: 0.25
    backfaceThreshold: 100
  m_SceneGUID: 00000000000000000000000000000000
  m_OcclusionCullingData: {fileID: 0}
--- !u!104 &2
RenderSettings:
  m_ObjectHideFlags: 0
  serializedVersion: 9
  m_Fog: 0
  m_FogColor: {r: 0.5, g: 0.5, b: 0.5, a: 1}
  m_FogMode: 3
  m_FogDensity: 0.01
  m_LinearFogStart: 0
  m_LinearFogEnd: 300
  m_AmbientSkyColor: {r: 0.212, g: 0.227, b: 0.259, a: 1}
  m_AmbientEquatorColor: {r: 0.114, g: 0.125, b: 0.133, a: 1}
  m_AmbientGroundColor: {r: 0.047, g: 0.043, b: 0.035, a: 1}
  m_AmbientIntensity: 1
  m_AmbientMode: 0
  m_SubtractiveShadowColor: {r: 0.42, g: 0.478, b: 0.627, a: 1}
  m_SkyboxMaterial: {fileID: 10304, guid: 0000000000000000f000000000000000, type: 0}
  m_HaloStrength: 0.5
  m_FlareStrength: 1
  m_FlareFadeSpeed: 3
  m_HaloTexture: {fileID: 0}
  m_SpotCookie: {fileID: 10001, guid: 0000000000000000e000000000000000, type: 0}
  m_DefaultReflectionMode: 0
  m_DefaultReflectionResolution: 128
  m_ReflectionBounces: 1
  m_ReflectionIntensity: 1
  m_CustomReflection: {fileID: 0}
  m_Sun: {fileID: 705507994}
  m_IndirectSpecularColor: {r: 0.44657564, g: 0.49641216, b: 0.5748175, a: 1}
  m_UseRadianceAmbientProbe: 0
--- !u!157 &3
LightmapSettings:
  m_ObjectHideFlags: 0
  serializedVersion: 12
  m_GIWorkflowMode: 1
  m_GISettings:
    serializedVersion: 2
    m_BounceScale: 1
    m_IndirectOutputScale: 1
    m_AlbedoBoost: 1
    m_EnvironmentLightingMode: 0
    m_EnableBakedLightmaps: 1
    m_EnableRealtimeLightmaps: 0
  m_LightmapEditorSettings:
    serializedVersion: 12
    m_Resolution: 2
    m_BakeResolution: 40
    m_AtlasSize: 1024
    m_AO: 0
    m_AOMaxDistance: 1
    m_CompAOExponent: 1
    m_CompAOExponentDirect: 0
    m_ExtractAmbientOcclusion: 0
    m_Padding: 2
    m_LightmapParameters: {fileID: 0}
    m_LightmapsBakeMode: 1
    m_TextureCompression: 1
    m_FinalGather: 0
    m_FinalGatherFiltering: 1
    m_FinalGatherRayCount: 256
    m_ReflectionCompression: 2
    m_MixedBakeMode: 2
    m_BakeBackend: 1
    m_PVRSampling: 1
    m_PVRDirectSampleCount: 32
    m_PVRSampleCount: 500
    m_PVRBounces: 2
    m_PVREnvironmentSampleCount: 500
    m_PVREnvironmentReferencePointCount: 2048
    m_PVRFilteringMode: 2
    m_PVRDenoiserTypeDirect: 0
    m_PVRDenoiserTypeIndirect: 0
    m_PVRDenoiserTypeAO: 0
    m_PVRFilterTypeDirect: 0
    m_PVRFilterTypeIndirect: 0
    m_PVRFilterTypeAO: 0
    m_PVREnvironmentMIS: 0
    m_PVRCulling: 1
    m_PVRFilteringGaussRadiusDirect: 1
    m_PVRFilteringGaussRadiusIndirect: 5
    m_PVRFilteringGaussRadiusAO: 2
    m_PVRFilteringAtrousPositionSigmaDirect: 0.5
    m_PVRFilteringAtrousPositionSigmaIndirect: 2
    m_PVRFilteringAtrousPositionSigmaAO: 1
    m_ExportTrainingData: 0
    m_TrainingDataDestination: TrainingData
    m_LightProbeSampleCountMultiplier: 4
  m_LightingDataAsset: {fileID: 112000000, guid: 2ef7f652eae497d47a634efa24fa3521, type: 2}
  m_LightingSettings: {fileID: 4890085278179872738, guid: c54b015810ab2214693efc5e7c793c5c, type: 2}
--- !u!196 &4
NavMeshSettings:
  serializedVersion: 2
  m_ObjectHideFlags: 0
  m_BuildSettings:
    serializedVersion: 2
    agentTypeID: 0
    agentRadius: 0.5
    agentHeight: 2
    agentSlope: 45
    agentClimb: 0.4
    ledgeDropHeight: 0
    maxJumpAcrossDistance: 0
    minRegionArea: 2
    manualCellSize: 0
    cellSize: 0.16666667
    manualTileSize: 0
    tileSize: 256
    accuratePlacement: 0
    maxJobWorkers: 0
    preserveTilesOutsideBounds: 0
    debug:
      m_Flags: 0
  m_NavMeshData: {fileID: 0}
--- !u!1 &197109615 stripped
GameObject:
  m_CorrespondingSourceObject: {fileID: -8391222552659086748, guid: 065628544328f0c40b36ff4b01e10d82, type: 3}
  m_PrefabInstance: {fileID: 976581321}
  m_PrefabAsset: {fileID: 0}
--- !u!65 &197109616
BoxCollider:
  m_ObjectHideFlags: 0
  m_CorrespondingSourceObject: {fileID: 0}
  m_PrefabInstance: {fileID: 0}
  m_PrefabAsset: {fileID: 0}
  m_GameObject: {fileID: 197109615}
  m_Material: {fileID: 0}
  m_IsTrigger: 1
  m_Enabled: 1
  serializedVersion: 2
  m_Size: {x: 0.019999998, y: 0.019999994, z: 0.0050391546}
  m_Center: {x: 0, y: 0.0000000037252903, z: 4.656613e-10}
--- !u!114 &197109617
MonoBehaviour:
  m_ObjectHideFlags: 0
  m_CorrespondingSourceObject: {fileID: 0}
  m_PrefabInstance: {fileID: 0}
  m_PrefabAsset: {fileID: 0}
  m_GameObject: {fileID: 197109615}
  m_Enabled: 1
  m_EditorHideFlags: 0
  m_Script: {fileID: 11500000, guid: 13c19b65f5916e24986b405bcb0f829d, type: 3}
  m_Name: 
  m_EditorClassIdentifier: 
  countAnt: 0
  goalObjective: 4
  goalAchieved: 0
  blockAchieved: 0
  stopAnt: 0
--- !u!224 &231783481 stripped
RectTransform:
  m_CorrespondingSourceObject: {fileID: 7924160314684834761, guid: c4b5962ebac472c4d8f9e456bab0d9c1, type: 3}
  m_PrefabInstance: {fileID: 7924160313591240922}
  m_PrefabAsset: {fileID: 0}
--- !u!1 &243644365
GameObject:
  m_ObjectHideFlags: 0
  m_CorrespondingSourceObject: {fileID: 0}
  m_PrefabInstance: {fileID: 0}
  m_PrefabAsset: {fileID: 0}
  serializedVersion: 6
  m_Component:
  - component: {fileID: 243644367}
  - component: {fileID: 243644366}
  m_Layer: 0
  m_Name: PostProcessing
  m_TagString: Untagged
  m_Icon: {fileID: 0}
  m_NavMeshLayer: 0
  m_StaticEditorFlags: 0
  m_IsActive: 1
--- !u!114 &243644366
MonoBehaviour:
  m_ObjectHideFlags: 0
  m_CorrespondingSourceObject: {fileID: 0}
  m_PrefabInstance: {fileID: 0}
  m_PrefabAsset: {fileID: 0}
  m_GameObject: {fileID: 243644365}
  m_Enabled: 1
  m_EditorHideFlags: 0
  m_Script: {fileID: 11500000, guid: 172515602e62fb746b5d573b38a5fe58, type: 3}
  m_Name: 
  m_EditorClassIdentifier: 
  isGlobal: 1
  priority: 0
  blendDistance: 0
  weight: 1
  sharedProfile: {fileID: 11400000, guid: ff86f3b6ee9b8814898364b330ec6aac, type: 2}
--- !u!4 &243644367
Transform:
  m_ObjectHideFlags: 0
  m_CorrespondingSourceObject: {fileID: 0}
  m_PrefabInstance: {fileID: 0}
  m_PrefabAsset: {fileID: 0}
  m_GameObject: {fileID: 243644365}
  m_LocalRotation: {x: -0, y: -0, z: -0, w: 1}
  m_LocalPosition: {x: -2.053826, y: 5.9264183, z: -2.5454164}
  m_LocalScale: {x: 1, y: 1, z: 1}
  m_Children: []
  m_Father: {fileID: 930181475}
  m_RootOrder: 1
  m_LocalEulerAnglesHint: {x: 0, y: 0, z: 0}
--- !u!1 &244035583
GameObject:
  m_ObjectHideFlags: 0
  m_CorrespondingSourceObject: {fileID: 0}
  m_PrefabInstance: {fileID: 0}
  m_PrefabAsset: {fileID: 0}
  serializedVersion: 6
  m_Component:
  - component: {fileID: 244035586}
  - component: {fileID: 244035585}
  - component: {fileID: 244035584}
  m_Layer: 5
  m_Name: timer
  m_TagString: Untagged
  m_Icon: {fileID: 0}
  m_NavMeshLayer: 0
  m_StaticEditorFlags: 0
  m_IsActive: 1
--- !u!114 &244035584
MonoBehaviour:
  m_ObjectHideFlags: 0
  m_CorrespondingSourceObject: {fileID: 0}
  m_PrefabInstance: {fileID: 0}
  m_PrefabAsset: {fileID: 0}
  m_GameObject: {fileID: 244035583}
  m_Enabled: 1
  m_EditorHideFlags: 0
  m_Script: {fileID: 11500000, guid: f4688fdb7df04437aeb418b961361dc5, type: 3}
  m_Name: 
  m_EditorClassIdentifier: 
  m_Material: {fileID: 0}
  m_Color: {r: 1, g: 1, b: 1, a: 1}
  m_RaycastTarget: 1
  m_RaycastPadding: {x: 0, y: 0, z: 0, w: 0}
  m_Maskable: 1
  m_OnCullStateChanged:
    m_PersistentCalls:
      m_Calls: []
  m_text: New Text
  m_isRightToLeft: 0
  m_fontAsset: {fileID: 11400000, guid: 8f586378b4e144a9851e7b34d9b748ee, type: 2}
  m_sharedMaterial: {fileID: 2180264, guid: 8f586378b4e144a9851e7b34d9b748ee, type: 2}
  m_fontSharedMaterials: []
  m_fontMaterial: {fileID: 0}
  m_fontMaterials: []
  m_fontColor32:
    serializedVersion: 2
    rgba: 4294967295
  m_fontColor: {r: 1, g: 1, b: 1, a: 1}
  m_enableVertexGradient: 0
  m_colorMode: 3
  m_fontColorGradient:
    topLeft: {r: 1, g: 1, b: 1, a: 1}
    topRight: {r: 1, g: 1, b: 1, a: 1}
    bottomLeft: {r: 1, g: 1, b: 1, a: 1}
    bottomRight: {r: 1, g: 1, b: 1, a: 1}
  m_fontColorGradientPreset: {fileID: 0}
  m_spriteAsset: {fileID: 0}
  m_tintAllSprites: 0
  m_StyleSheet: {fileID: 0}
  m_TextStyleHashCode: -1183493901
  m_overrideHtmlColors: 0
  m_faceColor:
    serializedVersion: 2
    rgba: 4294967295
  m_fontSize: 66.04
  m_fontSizeBase: 66.04
  m_fontWeight: 400
  m_enableAutoSizing: 0
  m_fontSizeMin: 18
  m_fontSizeMax: 72
  m_fontStyle: 0
  m_HorizontalAlignment: 1
  m_VerticalAlignment: 256
  m_textAlignment: 65535
  m_characterSpacing: 0
  m_wordSpacing: 0
  m_lineSpacing: 0
  m_lineSpacingMax: 0
  m_paragraphSpacing: 0
  m_charWidthMaxAdj: 0
  m_enableWordWrapping: 1
  m_wordWrappingRatios: 0.4
  m_overflowMode: 0
  m_linkedTextComponent: {fileID: 0}
  parentLinkedComponent: {fileID: 0}
  m_enableKerning: 1
  m_enableExtraPadding: 0
  checkPaddingRequired: 0
  m_isRichText: 1
  m_parseCtrlCharacters: 1
  m_isOrthographic: 1
  m_isCullingEnabled: 0
  m_horizontalMapping: 0
  m_verticalMapping: 0
  m_uvLineOffset: 0
  m_geometrySortingOrder: 0
  m_IsTextObjectScaleStatic: 0
  m_VertexBufferAutoSizeReduction: 0
  m_useMaxVisibleDescender: 1
  m_pageToDisplay: 1
  m_margin: {x: 0, y: 0, z: -527.3836, w: -32.58844}
  m_isUsingLegacyAnimationComponent: 0
  m_isVolumetricText: 0
  m_hasFontAssetChanged: 0
  m_baseMaterial: {fileID: 0}
  m_maskOffset: {x: 0, y: 0, z: 0, w: 0}
--- !u!222 &244035585
CanvasRenderer:
  m_ObjectHideFlags: 0
  m_CorrespondingSourceObject: {fileID: 0}
  m_PrefabInstance: {fileID: 0}
  m_PrefabAsset: {fileID: 0}
  m_GameObject: {fileID: 244035583}
  m_CullTransparentMesh: 1
--- !u!224 &244035586
RectTransform:
  m_ObjectHideFlags: 0
  m_CorrespondingSourceObject: {fileID: 0}
  m_PrefabInstance: {fileID: 0}
  m_PrefabAsset: {fileID: 0}
  m_GameObject: {fileID: 244035583}
  m_LocalRotation: {x: 0, y: 0, z: 0, w: 1}
  m_LocalPosition: {x: 0, y: 0, z: 0}
  m_LocalScale: {x: 1, y: 1, z: 1}
  m_Children: []
  m_Father: {fileID: 231783481}
  m_RootOrder: 2
  m_LocalEulerAnglesHint: {x: 0, y: 0, z: 0}
  m_AnchorMin: {x: 0, y: 1}
  m_AnchorMax: {x: 0, y: 1}
  m_AnchoredPosition: {x: 139, y: -45}
  m_SizeDelta: {x: 200, y: 50}
  m_Pivot: {x: 0.5, y: 0.5}
--- !u!1 &487047207
GameObject:
  m_ObjectHideFlags: 0
  m_CorrespondingSourceObject: {fileID: 0}
  m_PrefabInstance: {fileID: 0}
  m_PrefabAsset: {fileID: 0}
  serializedVersion: 6
  m_Component:
  - component: {fileID: 487047208}
  - component: {fileID: 487047212}
  - component: {fileID: 487047211}
  - component: {fileID: 487047210}
  m_Layer: 0
  m_Name: LaserHead
  m_TagString: Untagged
  m_Icon: {fileID: 0}
  m_NavMeshLayer: 0
  m_StaticEditorFlags: 0
  m_IsActive: 1
--- !u!4 &487047208
Transform:
  m_ObjectHideFlags: 0
  m_CorrespondingSourceObject: {fileID: 0}
  m_PrefabInstance: {fileID: 0}
  m_PrefabAsset: {fileID: 0}
  m_GameObject: {fileID: 487047207}
  m_LocalRotation: {x: 0, y: 0, z: 0, w: 1}
  m_LocalPosition: {x: 0.007, y: 0, z: 0.515}
  m_LocalScale: {x: 0.94961137, y: 1, z: 0.47242573}
  m_Children: []
  m_Father: {fileID: 1028484279}
  m_RootOrder: 0
  m_LocalEulerAnglesHint: {x: 0, y: 0, z: 0}
--- !u!135 &487047210
SphereCollider:
  m_ObjectHideFlags: 0
  m_CorrespondingSourceObject: {fileID: 0}
  m_PrefabInstance: {fileID: 0}
  m_PrefabAsset: {fileID: 0}
  m_GameObject: {fileID: 487047207}
  m_Material: {fileID: 0}
  m_IsTrigger: 0
  m_Enabled: 1
  serializedVersion: 2
  m_Radius: 0.5
  m_Center: {x: 0, y: 0, z: 0}
--- !u!23 &487047211
MeshRenderer:
  m_ObjectHideFlags: 0
  m_CorrespondingSourceObject: {fileID: 0}
  m_PrefabInstance: {fileID: 0}
  m_PrefabAsset: {fileID: 0}
  m_GameObject: {fileID: 487047207}
  m_Enabled: 1
  m_CastShadows: 1
  m_ReceiveShadows: 1
  m_DynamicOccludee: 1
  m_MotionVectors: 1
  m_LightProbeUsage: 1
  m_ReflectionProbeUsage: 1
  m_RayTracingMode: 2
  m_RayTraceProcedural: 0
  m_RenderingLayerMask: 1
  m_RendererPriority: 0
  m_Materials:
  - {fileID: 2100000, guid: 6873c1a105e3d7d4a82029933a43b9ac, type: 2}
  m_StaticBatchInfo:
    firstSubMesh: 0
    subMeshCount: 0
  m_StaticBatchRoot: {fileID: 0}
  m_ProbeAnchor: {fileID: 0}
  m_LightProbeVolumeOverride: {fileID: 0}
  m_ScaleInLightmap: 1
  m_ReceiveGI: 1
  m_PreserveUVs: 0
  m_IgnoreNormalsForChartDetection: 0
  m_ImportantGI: 0
  m_StitchLightmapSeams: 1
  m_SelectedEditorRenderState: 3
  m_MinimumChartSize: 4
  m_AutoUVMaxDistance: 0.5
  m_AutoUVMaxAngle: 89
  m_LightmapParameters: {fileID: 0}
  m_SortingLayerID: 0
  m_SortingLayer: 0
  m_SortingOrder: 0
  m_AdditionalVertexStreams: {fileID: 0}
--- !u!33 &487047212
MeshFilter:
  m_ObjectHideFlags: 0
  m_CorrespondingSourceObject: {fileID: 0}
  m_PrefabInstance: {fileID: 0}
  m_PrefabAsset: {fileID: 0}
  m_GameObject: {fileID: 487047207}
  m_Mesh: {fileID: 10207, guid: 0000000000000000e000000000000000, type: 0}
--- !u!1 &696090914 stripped
GameObject:
  m_CorrespondingSourceObject: {fileID: -8391222552659086748, guid: 065628544328f0c40b36ff4b01e10d82, type: 3}
  m_PrefabInstance: {fileID: 1539497976}
  m_PrefabAsset: {fileID: 0}
--- !u!65 &696090915
BoxCollider:
  m_ObjectHideFlags: 0
  m_CorrespondingSourceObject: {fileID: 0}
  m_PrefabInstance: {fileID: 0}
  m_PrefabAsset: {fileID: 0}
  m_GameObject: {fileID: 696090914}
  m_Material: {fileID: 0}
  m_IsTrigger: 1
  m_Enabled: 1
  serializedVersion: 2
  m_Size: {x: 0.02, y: 0.019999996, z: 0.0050391546}
  m_Center: {x: 0, y: 0, z: 0}
--- !u!114 &696090916
MonoBehaviour:
  m_ObjectHideFlags: 0
  m_CorrespondingSourceObject: {fileID: 0}
  m_PrefabInstance: {fileID: 0}
  m_PrefabAsset: {fileID: 0}
  m_GameObject: {fileID: 696090914}
  m_Enabled: 1
  m_EditorHideFlags: 0
  m_Script: {fileID: 11500000, guid: 13c19b65f5916e24986b405bcb0f829d, type: 3}
  m_Name: 
  m_EditorClassIdentifier: 
  countAnt: 0
  goalObjective: 4
  goalAchieved: 0
  blockAchieved: 0
  stopAnt: 0
--- !u!1 &705507993
GameObject:
  m_ObjectHideFlags: 0
  m_CorrespondingSourceObject: {fileID: 0}
  m_PrefabInstance: {fileID: 0}
  m_PrefabAsset: {fileID: 0}
  serializedVersion: 6
  m_Component:
  - component: {fileID: 705507995}
  - component: {fileID: 705507994}
  m_Layer: 0
  m_Name: Directional Light
  m_TagString: Untagged
  m_Icon: {fileID: 0}
  m_NavMeshLayer: 0
  m_StaticEditorFlags: 0
  m_IsActive: 1
--- !u!108 &705507994
Light:
  m_ObjectHideFlags: 0
  m_CorrespondingSourceObject: {fileID: 0}
  m_PrefabInstance: {fileID: 0}
  m_PrefabAsset: {fileID: 0}
  m_GameObject: {fileID: 705507993}
  m_Enabled: 1
  serializedVersion: 10
  m_Type: 1
  m_Shape: 0
  m_Color: {r: 1, g: 0.95686275, b: 0.8392157, a: 1}
  m_Intensity: 1
  m_Range: 10
  m_SpotAngle: 30
  m_InnerSpotAngle: 21.80208
  m_CookieSize: 10
  m_Shadows:
    m_Type: 0
    m_Resolution: -1
    m_CustomResolution: -1
    m_Strength: 1
    m_Bias: 0.05
    m_NormalBias: 0.4
    m_NearPlane: 0.2
    m_CullingMatrixOverride:
      e00: 1
      e01: 0
      e02: 0
      e03: 0
      e10: 0
      e11: 1
      e12: 0
      e13: 0
      e20: 0
      e21: 0
      e22: 1
      e23: 0
      e30: 0
      e31: 0
      e32: 0
      e33: 1
    m_UseCullingMatrixOverride: 0
  m_Cookie: {fileID: 0}
  m_DrawHalo: 0
  m_Flare: {fileID: 0}
  m_RenderMode: 0
  m_CullingMask:
    serializedVersion: 2
    m_Bits: 4294967295
  m_RenderingLayerMask: 1
  m_Lightmapping: 1
  m_LightShadowCasterMode: 0
  m_AreaSize: {x: 1, y: 1}
  m_BounceIntensity: 1
  m_ColorTemperature: 6570
  m_UseColorTemperature: 0
  m_BoundingSphereOverride: {x: 0, y: 0, z: 0, w: 0}
  m_UseBoundingSphereOverride: 0
  m_UseViewFrustumForShadowCasterCull: 1
  m_ShadowRadius: 0
  m_ShadowAngle: 0
--- !u!4 &705507995
Transform:
  m_ObjectHideFlags: 0
  m_CorrespondingSourceObject: {fileID: 0}
  m_PrefabInstance: {fileID: 0}
  m_PrefabAsset: {fileID: 0}
  m_GameObject: {fileID: 705507993}
  m_LocalRotation: {x: 0.0014813802, y: -0.90622205, z: 0.4226432, w: 0.011496656}
  m_LocalPosition: {x: -1.8504833, y: 4.533349, z: 0.7470609}
  m_LocalScale: {x: 1, y: 1, z: 1}
  m_Children: []
  m_Father: {fileID: 930181475}
  m_RootOrder: 0
  m_LocalEulerAnglesHint: {x: 50.001, y: -178.254, z: 0.627}
--- !u!1 &710458195 stripped
GameObject:
  m_CorrespondingSourceObject: {fileID: -5568371526223589888, guid: 065628544328f0c40b36ff4b01e10d82, type: 3}
  m_PrefabInstance: {fileID: 1453623291}
  m_PrefabAsset: {fileID: 0}
--- !u!65 &710458199
BoxCollider:
  m_ObjectHideFlags: 0
  m_CorrespondingSourceObject: {fileID: 0}
  m_PrefabInstance: {fileID: 0}
  m_PrefabAsset: {fileID: 0}
  m_GameObject: {fileID: 710458195}
  m_Material: {fileID: 0}
  m_IsTrigger: 1
  m_Enabled: 1
  serializedVersion: 2
  m_Size: {x: 0.021296676, y: 0.021593392, z: 0.0076673958}
  m_Center: {x: 0.009990584, y: 0.010037178, z: 0.0012918201}
--- !u!1 &839252583
GameObject:
  m_ObjectHideFlags: 0
  m_CorrespondingSourceObject: {fileID: 0}
  m_PrefabInstance: {fileID: 0}
  m_PrefabAsset: {fileID: 0}
  serializedVersion: 6
  m_Component:
  - component: {fileID: 839252584}
  - component: {fileID: 839252586}
  - component: {fileID: 839252585}
  m_Layer: 0
  m_Name: SoundManager
  m_TagString: Untagged
  m_Icon: {fileID: 0}
  m_NavMeshLayer: 0
  m_StaticEditorFlags: 0
  m_IsActive: 1
--- !u!4 &839252584
Transform:
  m_ObjectHideFlags: 0
  m_CorrespondingSourceObject: {fileID: 0}
  m_PrefabInstance: {fileID: 0}
  m_PrefabAsset: {fileID: 0}
  m_GameObject: {fileID: 839252583}
  m_LocalRotation: {x: 0, y: 0, z: 0, w: 1}
  m_LocalPosition: {x: 0, y: 0, z: 0}
  m_LocalScale: {x: 1, y: 1, z: 1}
  m_Children: []
  m_Father: {fileID: 930181475}
  m_RootOrder: 4
  m_LocalEulerAnglesHint: {x: 0, y: 0, z: 0}
--- !u!82 &839252585
AudioSource:
  m_ObjectHideFlags: 0
  m_CorrespondingSourceObject: {fileID: 0}
  m_PrefabInstance: {fileID: 0}
  m_PrefabAsset: {fileID: 0}
  m_GameObject: {fileID: 839252583}
  m_Enabled: 1
  serializedVersion: 4
  OutputAudioMixerGroup: {fileID: 24300002, guid: 2440aab4c6addec45ba529966f1cfcb8, type: 2}
  m_audioClip: {fileID: 0}
  m_PlayOnAwake: 0
  m_Volume: 1
  m_Pitch: 1
  Loop: 0
  Mute: 0
  Spatialize: 0
  SpatializePostEffects: 0
  Priority: 128
  DopplerLevel: 1
  MinDistance: 1
  MaxDistance: 500
  Pan2D: 0
  rolloffMode: 0
  BypassEffects: 0
  BypassListenerEffects: 0
  BypassReverbZones: 0
  rolloffCustomCurve:
    serializedVersion: 2
    m_Curve:
    - serializedVersion: 3
      time: 0
      value: 1
      inSlope: 0
      outSlope: 0
      tangentMode: 0
      weightedMode: 0
      inWeight: 0.33333334
      outWeight: 0.33333334
    - serializedVersion: 3
      time: 1
      value: 0
      inSlope: 0
      outSlope: 0
      tangentMode: 0
      weightedMode: 0
      inWeight: 0.33333334
      outWeight: 0.33333334
    m_PreInfinity: 2
    m_PostInfinity: 2
    m_RotationOrder: 4
  panLevelCustomCurve:
    serializedVersion: 2
    m_Curve:
    - serializedVersion: 3
      time: 0
      value: 0
      inSlope: 0
      outSlope: 0
      tangentMode: 0
      weightedMode: 0
      inWeight: 0.33333334
      outWeight: 0.33333334
    m_PreInfinity: 2
    m_PostInfinity: 2
    m_RotationOrder: 4
  spreadCustomCurve:
    serializedVersion: 2
    m_Curve:
    - serializedVersion: 3
      time: 0
      value: 0
      inSlope: 0
      outSlope: 0
      tangentMode: 0
      weightedMode: 0
      inWeight: 0.33333334
      outWeight: 0.33333334
    m_PreInfinity: 2
    m_PostInfinity: 2
    m_RotationOrder: 4
  reverbZoneMixCustomCurve:
    serializedVersion: 2
    m_Curve:
    - serializedVersion: 3
      time: 0
      value: 1
      inSlope: 0
      outSlope: 0
      tangentMode: 0
      weightedMode: 0
      inWeight: 0.33333334
      outWeight: 0.33333334
    m_PreInfinity: 2
    m_PostInfinity: 2
    m_RotationOrder: 4
--- !u!114 &839252586
MonoBehaviour:
  m_ObjectHideFlags: 0
  m_CorrespondingSourceObject: {fileID: 0}
  m_PrefabInstance: {fileID: 0}
  m_PrefabAsset: {fileID: 0}
  m_GameObject: {fileID: 839252583}
  m_Enabled: 1
  m_EditorHideFlags: 0
  m_Script: {fileID: 11500000, guid: 43b0a6afb4dd87046b0f23b2ac310d14, type: 3}
  m_Name: 
  m_EditorClassIdentifier: 
  red: {fileID: 0}
  blue: {fileID: 0}
  green: {fileID: 0}
  black: {fileID: 0}
  soundTransition: {fileID: 8300000, guid: 546108c4cfd78d049919a194e25f159e, type: 3}
--- !u!1 &930181474
GameObject:
  m_ObjectHideFlags: 0
  m_CorrespondingSourceObject: {fileID: 0}
  m_PrefabInstance: {fileID: 0}
  m_PrefabAsset: {fileID: 0}
  serializedVersion: 6
  m_Component:
  - component: {fileID: 930181475}
  m_Layer: 0
  m_Name: --------Setup---------
  m_TagString: Untagged
  m_Icon: {fileID: 0}
  m_NavMeshLayer: 0
  m_StaticEditorFlags: 0
  m_IsActive: 1
--- !u!4 &930181475
Transform:
  m_ObjectHideFlags: 0
  m_CorrespondingSourceObject: {fileID: 0}
  m_PrefabInstance: {fileID: 0}
  m_PrefabAsset: {fileID: 0}
  m_GameObject: {fileID: 930181474}
  m_LocalRotation: {x: 0, y: 0, z: 0, w: 1}
  m_LocalPosition: {x: 1.8504833, y: -1.5333493, z: -0.7470609}
  m_LocalScale: {x: 1, y: 1, z: 1}
  m_Children:
  - {fileID: 705507995}
  - {fileID: 243644367}
  - {fileID: 1281946017}
  - {fileID: 963194228}
  - {fileID: 839252584}
  m_Father: {fileID: 0}
  m_RootOrder: 0
  m_LocalEulerAnglesHint: {x: 0, y: 0, z: 0}
--- !u!1 &963194225
GameObject:
  m_ObjectHideFlags: 0
  m_CorrespondingSourceObject: {fileID: 0}
  m_PrefabInstance: {fileID: 0}
  m_PrefabAsset: {fileID: 0}
  serializedVersion: 6
  m_Component:
  - component: {fileID: 963194228}
  - component: {fileID: 963194227}
  - component: {fileID: 963194226}
  - component: {fileID: 963194229}
  - component: {fileID: 963194230}
  m_Layer: 0
  m_Name: Main Camera
  m_TagString: MainCamera
  m_Icon: {fileID: 0}
  m_NavMeshLayer: 0
  m_StaticEditorFlags: 0
  m_IsActive: 1
--- !u!81 &963194226
AudioListener:
  m_ObjectHideFlags: 0
  m_CorrespondingSourceObject: {fileID: 0}
  m_PrefabInstance: {fileID: 0}
  m_PrefabAsset: {fileID: 0}
  m_GameObject: {fileID: 963194225}
  m_Enabled: 1
--- !u!20 &963194227
Camera:
  m_ObjectHideFlags: 0
  m_CorrespondingSourceObject: {fileID: 0}
  m_PrefabInstance: {fileID: 0}
  m_PrefabAsset: {fileID: 0}
  m_GameObject: {fileID: 963194225}
  m_Enabled: 1
  serializedVersion: 2
  m_ClearFlags: 1
  m_BackGroundColor: {r: 0.19215687, g: 0.3019608, b: 0.4745098, a: 0}
  m_projectionMatrixMode: 1
  m_GateFitMode: 4
  m_FOVAxisMode: 0
  m_SensorSize: {x: 38, y: 18.8}
  m_LensShift: {x: 0, y: 0}
  m_FocalLength: 15.46
  m_NormalizedViewPortRect:
    serializedVersion: 2
    x: 0
    y: 0
    width: 1
    height: 1
  near clip plane: 0.3
  far clip plane: 1000
  field of view: 60
  orthographic: 0
  orthographic size: 5
  m_Depth: -1
  m_CullingMask:
    serializedVersion: 2
    m_Bits: 4294967295
  m_RenderingPath: -1
  m_TargetTexture: {fileID: 0}
  m_TargetDisplay: 0
  m_TargetEye: 3
  m_HDR: 1
  m_AllowMSAA: 1
  m_AllowDynamicResolution: 0
  m_ForceIntoRT: 0
  m_OcclusionCulling: 1
  m_StereoConvergence: 10
  m_StereoSeparation: 0.022
--- !u!4 &963194228
Transform:
  m_ObjectHideFlags: 0
  m_CorrespondingSourceObject: {fileID: 0}
  m_PrefabInstance: {fileID: 0}
  m_PrefabAsset: {fileID: 0}
  m_GameObject: {fileID: 963194225}
  m_LocalRotation: {x: 0.56642824, y: -0, z: -0, w: 0.8241111}
  m_LocalPosition: {x: -1.6691037, y: 7.6733484, z: -3.2325296}
  m_LocalScale: {x: 1, y: 1, z: 1}
  m_Children: []
  m_Father: {fileID: 930181475}
  m_RootOrder: 3
  m_LocalEulerAnglesHint: {x: 69.003, y: 0, z: 0}
--- !u!114 &963194229
MonoBehaviour:
  m_ObjectHideFlags: 0
  m_CorrespondingSourceObject: {fileID: 0}
  m_PrefabInstance: {fileID: 0}
  m_PrefabAsset: {fileID: 0}
  m_GameObject: {fileID: 963194225}
  m_Enabled: 1
  m_EditorHideFlags: 0
  m_Script: {fileID: 11500000, guid: a79441f348de89743a2939f4d699eac1, type: 3}
  m_Name: 
  m_EditorClassIdentifier: 
  m_RenderShadows: 1
  m_RequiresDepthTextureOption: 2
  m_RequiresOpaqueTextureOption: 2
  m_CameraType: 0
  m_Cameras: []
  m_RendererIndex: 0
  m_VolumeLayerMask:
    serializedVersion: 2
    m_Bits: 1
  m_VolumeTrigger: {fileID: 0}
  m_RenderPostProcessing: 1
  m_Antialiasing: 0
  m_AntialiasingQuality: 2
  m_StopNaN: 0
  m_Dithering: 0
  m_ClearDepth: 1
  m_AllowXRRendering: 1
  m_RequiresDepthTexture: 0
  m_RequiresColorTexture: 0
  m_Version: 2
--- !u!114 &963194230
MonoBehaviour:
  m_ObjectHideFlags: 0
  m_CorrespondingSourceObject: {fileID: 0}
  m_PrefabInstance: {fileID: 0}
  m_PrefabAsset: {fileID: 0}
  m_GameObject: {fileID: 963194225}
  m_Enabled: 1
  m_EditorHideFlags: 0
  m_Script: {fileID: 11500000, guid: 948f4100a11a5c24981795d21301da5c, type: 3}
  m_Name: 
  m_EditorClassIdentifier: 
  volumeTrigger: {fileID: 963194228}
  volumeLayer:
    serializedVersion: 2
    m_Bits: 4294967295
  stopNaNPropagation: 1
  finalBlitToCameraTarget: 0
  antialiasingMode: 1
  temporalAntialiasing:
    jitterSpread: 0.75
    sharpness: 0.25
    stationaryBlending: 0.95
    motionBlending: 0.85
  subpixelMorphologicalAntialiasing:
    quality: 2
  fastApproximateAntialiasing:
    fastMode: 0
    keepAlpha: 0
  fog:
    enabled: 1
    excludeSkybox: 1
  debugLayer:
    lightMeter:
      width: 512
      height: 256
      showCurves: 1
    histogram:
      width: 512
      height: 256
      channel: 3
    waveform:
      exposure: 0.12
      height: 256
    vectorscope:
      size: 256
      exposure: 0.12
    overlaySettings:
      linearDepth: 0
      motionColorIntensity: 4
      motionGridSize: 64
      colorBlindnessType: 0
      colorBlindnessStrength: 1
  m_Resources: {fileID: 11400000, guid: d82512f9c8e5d4a4d938b575d47f88d4, type: 2}
  m_ShowToolkit: 1
  m_ShowCustomSorter: 0
  breakBeforeColorGrading: 0
  m_BeforeTransparentBundles: []
  m_BeforeStackBundles: []
  m_AfterStackBundles: []
--- !u!1001 &976581321
PrefabInstance:
  m_ObjectHideFlags: 0
  serializedVersion: 2
  m_Modification:
    m_TransformParent: {fileID: 1897120500}
    m_Modifications:
    - target: {fileID: -8679921383154817045, guid: 065628544328f0c40b36ff4b01e10d82, type: 3}
      propertyPath: m_RootOrder
      value: 4
      objectReference: {fileID: 0}
    - target: {fileID: -8679921383154817045, guid: 065628544328f0c40b36ff4b01e10d82, type: 3}
      propertyPath: m_LocalScale.x
      value: 0.5234915
      objectReference: {fileID: 0}
    - target: {fileID: -8679921383154817045, guid: 065628544328f0c40b36ff4b01e10d82, type: 3}
      propertyPath: m_LocalScale.y
      value: 0.5234915
      objectReference: {fileID: 0}
    - target: {fileID: -8679921383154817045, guid: 065628544328f0c40b36ff4b01e10d82, type: 3}
      propertyPath: m_LocalScale.z
      value: 0.5234915
      objectReference: {fileID: 0}
    - target: {fileID: -8679921383154817045, guid: 065628544328f0c40b36ff4b01e10d82, type: 3}
      propertyPath: m_LocalPosition.x
      value: 1.1413796
      objectReference: {fileID: 0}
    - target: {fileID: -8679921383154817045, guid: 065628544328f0c40b36ff4b01e10d82, type: 3}
      propertyPath: m_LocalPosition.y
      value: -1.0662365
      objectReference: {fileID: 0}
    - target: {fileID: -8679921383154817045, guid: 065628544328f0c40b36ff4b01e10d82, type: 3}
      propertyPath: m_LocalPosition.z
      value: -2.1195905
      objectReference: {fileID: 0}
    - target: {fileID: -8679921383154817045, guid: 065628544328f0c40b36ff4b01e10d82, type: 3}
      propertyPath: m_LocalRotation.w
      value: 0.89012355
      objectReference: {fileID: 0}
    - target: {fileID: -8679921383154817045, guid: 065628544328f0c40b36ff4b01e10d82, type: 3}
      propertyPath: m_LocalRotation.x
      value: -0
      objectReference: {fileID: 0}
    - target: {fileID: -8679921383154817045, guid: 065628544328f0c40b36ff4b01e10d82, type: 3}
      propertyPath: m_LocalRotation.y
      value: -0.4557193
      objectReference: {fileID: 0}
    - target: {fileID: -8679921383154817045, guid: 065628544328f0c40b36ff4b01e10d82, type: 3}
      propertyPath: m_LocalRotation.z
      value: -0
      objectReference: {fileID: 0}
    - target: {fileID: -8679921383154817045, guid: 065628544328f0c40b36ff4b01e10d82, type: 3}
      propertyPath: m_LocalEulerAnglesHint.x
      value: 0
      objectReference: {fileID: 0}
    - target: {fileID: -8679921383154817045, guid: 065628544328f0c40b36ff4b01e10d82, type: 3}
      propertyPath: m_LocalEulerAnglesHint.y
      value: -54.222
      objectReference: {fileID: 0}
    - target: {fileID: -8679921383154817045, guid: 065628544328f0c40b36ff4b01e10d82, type: 3}
      propertyPath: m_LocalEulerAnglesHint.z
      value: 0
      objectReference: {fileID: 0}
    - target: {fileID: -8391222552659086748, guid: 065628544328f0c40b36ff4b01e10d82, type: 3}
      propertyPath: m_Name
      value: BlueC
      objectReference: {fileID: 0}
    - target: {fileID: -8391222552659086748, guid: 065628544328f0c40b36ff4b01e10d82, type: 3}
      propertyPath: m_Layer
      value: 2
      objectReference: {fileID: 0}
    - target: {fileID: -8391222552659086748, guid: 065628544328f0c40b36ff4b01e10d82, type: 3}
      propertyPath: m_TagString
      value: Blue
      objectReference: {fileID: 0}
    - target: {fileID: -5477749408508380018, guid: 065628544328f0c40b36ff4b01e10d82, type: 3}
      propertyPath: m_LocalPosition.x
      value: -0
      objectReference: {fileID: 0}
    - target: {fileID: -5477749408508380018, guid: 065628544328f0c40b36ff4b01e10d82, type: 3}
      propertyPath: m_LocalPosition.y
      value: 0.13
      objectReference: {fileID: 0}
    - target: {fileID: -4683669308469848369, guid: 065628544328f0c40b36ff4b01e10d82, type: 3}
      propertyPath: m_Materials.Array.data[0]
      value: 
      objectReference: {fileID: 2100000, guid: 5d9877f5d5f95de4db0cf8c41df9f28d, type: 2}
    - target: {fileID: 919132149155446097, guid: 065628544328f0c40b36ff4b01e10d82, type: 3}
      propertyPath: m_Name
      value: fbx_BlueEnclosure
      objectReference: {fileID: 0}
    - target: {fileID: 7202271454713460447, guid: 065628544328f0c40b36ff4b01e10d82, type: 3}
      propertyPath: m_Materials.Array.data[0]
      value: 
      objectReference: {fileID: 2100000, guid: 87bdd4bae8f0bed4c8e4df938d9b4ad1, type: 2}
    m_RemovedComponents: []
  m_SourcePrefab: {fileID: 100100000, guid: 065628544328f0c40b36ff4b01e10d82, type: 3}
--- !u!4 &976581322 stripped
Transform:
  m_CorrespondingSourceObject: {fileID: -8679921383154817045, guid: 065628544328f0c40b36ff4b01e10d82, type: 3}
  m_PrefabInstance: {fileID: 976581321}
  m_PrefabAsset: {fileID: 0}
--- !u!1 &980261394
GameObject:
  m_ObjectHideFlags: 0
  m_CorrespondingSourceObject: {fileID: 0}
  m_PrefabInstance: {fileID: 0}
  m_PrefabAsset: {fileID: 0}
  serializedVersion: 6
  m_Component:
  - component: {fileID: 980261395}
  - component: {fileID: 980261396}
  m_Layer: 0
  m_Name: Line
  m_TagString: Untagged
  m_Icon: {fileID: 0}
  m_NavMeshLayer: 0
  m_StaticEditorFlags: 0
  m_IsActive: 1
--- !u!4 &980261395
Transform:
  m_ObjectHideFlags: 0
  m_CorrespondingSourceObject: {fileID: 0}
  m_PrefabInstance: {fileID: 0}
  m_PrefabAsset: {fileID: 0}
  m_GameObject: {fileID: 980261394}
  m_LocalRotation: {x: 0, y: 0, z: 0, w: 1}
  m_LocalPosition: {x: 0, y: 0, z: 0}
  m_LocalScale: {x: 4.9998913, y: 4.887914, z: 30}
  m_Children: []
  m_Father: {fileID: 1028484279}
  m_RootOrder: 1
  m_LocalEulerAnglesHint: {x: 0, y: 0, z: 0}
--- !u!120 &980261396
LineRenderer:
  m_ObjectHideFlags: 0
  m_CorrespondingSourceObject: {fileID: 0}
  m_PrefabInstance: {fileID: 0}
  m_PrefabAsset: {fileID: 0}
  m_GameObject: {fileID: 980261394}
  m_Enabled: 1
  m_CastShadows: 0
  m_ReceiveShadows: 1
  m_DynamicOccludee: 1
  m_MotionVectors: 0
  m_LightProbeUsage: 0
  m_ReflectionProbeUsage: 0
  m_RayTracingMode: 0
  m_RayTraceProcedural: 0
  m_RenderingLayerMask: 1
  m_RendererPriority: 0
  m_Materials:
  - {fileID: 10306, guid: 0000000000000000f000000000000000, type: 0}
  m_StaticBatchInfo:
    firstSubMesh: 0
    subMeshCount: 0
  m_StaticBatchRoot: {fileID: 0}
  m_ProbeAnchor: {fileID: 0}
  m_LightProbeVolumeOverride: {fileID: 0}
  m_ScaleInLightmap: 1
  m_ReceiveGI: 1
  m_PreserveUVs: 0
  m_IgnoreNormalsForChartDetection: 0
  m_ImportantGI: 0
  m_StitchLightmapSeams: 1
  m_SelectedEditorRenderState: 3
  m_MinimumChartSize: 4
  m_AutoUVMaxDistance: 0.5
  m_AutoUVMaxAngle: 89
  m_LightmapParameters: {fileID: 0}
  m_SortingLayerID: 0
  m_SortingLayer: 0
  m_SortingOrder: 0
  m_Positions:
  - {x: 0, y: 0, z: 0}
  - {x: 0, y: 0, z: 1}
  m_Parameters:
    serializedVersion: 3
    widthMultiplier: 0.1
    widthCurve:
      serializedVersion: 2
      m_Curve:
      - serializedVersion: 3
        time: 0
        value: 1
        inSlope: 0
        outSlope: 0
        tangentMode: 0
        weightedMode: 0
        inWeight: 0.33333334
        outWeight: 0.33333334
      m_PreInfinity: 2
      m_PostInfinity: 2
      m_RotationOrder: 4
    colorGradient:
      serializedVersion: 2
      key0: {r: 0, g: 0.40248108, b: 1, a: 0.9577465}
      key1: {r: 0, g: 0.40248108, b: 1, a: 0.9577465}
      key2: {r: 0, g: 0, b: 0, a: 0.9577465}
      key3: {r: 0, g: 0, b: 0, a: 0}
      key4: {r: 0, g: 0, b: 0, a: 0}
      key5: {r: 0, g: 0, b: 0, a: 0}
      key6: {r: 0, g: 0, b: 0, a: 0}
      key7: {r: 0, g: 0, b: 0, a: 0}
      ctime0: 0
      ctime1: 65535
      ctime2: 0
      ctime3: 0
      ctime4: 0
      ctime5: 0
      ctime6: 0
      ctime7: 0
      atime0: 0
      atime1: 65535
      atime2: 65535
      atime3: 65535
      atime4: 0
      atime5: 0
      atime6: 0
      atime7: 0
      m_Mode: 1
      m_NumColorKeys: 2
      m_NumAlphaKeys: 2
    numCornerVertices: 0
    numCapVertices: 0
    alignment: 0
    textureMode: 0
    shadowBias: 0.5
    generateLightingData: 0
  m_UseWorldSpace: 0
  m_Loop: 0
--- !u!1001 &1026109212
PrefabInstance:
  m_ObjectHideFlags: 0
  serializedVersion: 2
  m_Modification:
    m_TransformParent: {fileID: 1897120500}
    m_Modifications:
    - target: {fileID: -8679921383154817045, guid: 065628544328f0c40b36ff4b01e10d82, type: 3}
      propertyPath: m_RootOrder
      value: 3
      objectReference: {fileID: 0}
    - target: {fileID: -8679921383154817045, guid: 065628544328f0c40b36ff4b01e10d82, type: 3}
      propertyPath: m_LocalScale.x
      value: 0.5234915
      objectReference: {fileID: 0}
    - target: {fileID: -8679921383154817045, guid: 065628544328f0c40b36ff4b01e10d82, type: 3}
      propertyPath: m_LocalScale.y
      value: 0.5234915
      objectReference: {fileID: 0}
    - target: {fileID: -8679921383154817045, guid: 065628544328f0c40b36ff4b01e10d82, type: 3}
      propertyPath: m_LocalScale.z
      value: 0.5234915
      objectReference: {fileID: 0}
    - target: {fileID: -8679921383154817045, guid: 065628544328f0c40b36ff4b01e10d82, type: 3}
      propertyPath: m_LocalPosition.x
      value: 1.0713794
      objectReference: {fileID: 0}
    - target: {fileID: -8679921383154817045, guid: 065628544328f0c40b36ff4b01e10d82, type: 3}
      propertyPath: m_LocalPosition.y
      value: -1.0662365
      objectReference: {fileID: 0}
    - target: {fileID: -8679921383154817045, guid: 065628544328f0c40b36ff4b01e10d82, type: 3}
      propertyPath: m_LocalPosition.z
      value: 3.2004094
      objectReference: {fileID: 0}
    - target: {fileID: -8679921383154817045, guid: 065628544328f0c40b36ff4b01e10d82, type: 3}
      propertyPath: m_LocalRotation.w
      value: 0.88238156
      objectReference: {fileID: 0}
    - target: {fileID: -8679921383154817045, guid: 065628544328f0c40b36ff4b01e10d82, type: 3}
      propertyPath: m_LocalRotation.x
      value: -0
      objectReference: {fileID: 0}
    - target: {fileID: -8679921383154817045, guid: 065628544328f0c40b36ff4b01e10d82, type: 3}
      propertyPath: m_LocalRotation.y
      value: 0.4705346
      objectReference: {fileID: 0}
    - target: {fileID: -8679921383154817045, guid: 065628544328f0c40b36ff4b01e10d82, type: 3}
      propertyPath: m_LocalRotation.z
      value: -0
      objectReference: {fileID: 0}
    - target: {fileID: -8679921383154817045, guid: 065628544328f0c40b36ff4b01e10d82, type: 3}
      propertyPath: m_LocalEulerAnglesHint.x
      value: 0
      objectReference: {fileID: 0}
    - target: {fileID: -8679921383154817045, guid: 065628544328f0c40b36ff4b01e10d82, type: 3}
      propertyPath: m_LocalEulerAnglesHint.y
      value: 56.138
      objectReference: {fileID: 0}
    - target: {fileID: -8679921383154817045, guid: 065628544328f0c40b36ff4b01e10d82, type: 3}
      propertyPath: m_LocalEulerAnglesHint.z
      value: 0
      objectReference: {fileID: 0}
    - target: {fileID: -8391222552659086748, guid: 065628544328f0c40b36ff4b01e10d82, type: 3}
      propertyPath: m_Name
      value: GreenC
      objectReference: {fileID: 0}
    - target: {fileID: -8391222552659086748, guid: 065628544328f0c40b36ff4b01e10d82, type: 3}
      propertyPath: m_Layer
      value: 2
      objectReference: {fileID: 0}
    - target: {fileID: -8391222552659086748, guid: 065628544328f0c40b36ff4b01e10d82, type: 3}
      propertyPath: m_TagString
      value: Green
      objectReference: {fileID: 0}
    - target: {fileID: -5477749408508380018, guid: 065628544328f0c40b36ff4b01e10d82, type: 3}
      propertyPath: m_LocalPosition.x
      value: -0
      objectReference: {fileID: 0}
    - target: {fileID: -5477749408508380018, guid: 065628544328f0c40b36ff4b01e10d82, type: 3}
      propertyPath: m_LocalPosition.y
      value: 0.13
      objectReference: {fileID: 0}
    - target: {fileID: -4683669308469848369, guid: 065628544328f0c40b36ff4b01e10d82, type: 3}
      propertyPath: m_Materials.Array.data[0]
      value: 
      objectReference: {fileID: 2100000, guid: 1729d10fdf5f1a3479f3694282beafd7, type: 2}
    - target: {fileID: 919132149155446097, guid: 065628544328f0c40b36ff4b01e10d82, type: 3}
      propertyPath: m_Name
      value: fbx_GreenEnclosure
      objectReference: {fileID: 0}
    - target: {fileID: 7202271454713460447, guid: 065628544328f0c40b36ff4b01e10d82, type: 3}
      propertyPath: m_Materials.Array.data[0]
      value: 
      objectReference: {fileID: 2100000, guid: 298e22760cc4dde49beddfdf57f5bba8, type: 2}
    m_RemovedComponents: []
  m_SourcePrefab: {fileID: 100100000, guid: 065628544328f0c40b36ff4b01e10d82, type: 3}
--- !u!4 &1026109213 stripped
Transform:
  m_CorrespondingSourceObject: {fileID: -8679921383154817045, guid: 065628544328f0c40b36ff4b01e10d82, type: 3}
  m_PrefabInstance: {fileID: 1026109212}
  m_PrefabAsset: {fileID: 0}
--- !u!1 &1028484275
GameObject:
  m_ObjectHideFlags: 0
  m_CorrespondingSourceObject: {fileID: 0}
  m_PrefabInstance: {fileID: 0}
  m_PrefabAsset: {fileID: 0}
  serializedVersion: 6
  m_Component:
  - component: {fileID: 1028484279}
  - component: {fileID: 1028484278}
  - component: {fileID: 1028484277}
  - component: {fileID: 1028484276}
  - component: {fileID: 1028484280}
  m_Layer: 0
  m_Name: LaserBody
  m_TagString: Untagged
  m_Icon: {fileID: 0}
  m_NavMeshLayer: 0
  m_StaticEditorFlags: 0
  m_IsActive: 1
--- !u!65 &1028484276
BoxCollider:
  m_ObjectHideFlags: 0
  m_CorrespondingSourceObject: {fileID: 0}
  m_PrefabInstance: {fileID: 0}
  m_PrefabAsset: {fileID: 0}
  m_GameObject: {fileID: 1028484275}
  m_Material: {fileID: 0}
  m_IsTrigger: 0
  m_Enabled: 1
  serializedVersion: 2
  m_Size: {x: 1, y: 1, z: 1}
  m_Center: {x: 0, y: 0, z: 0}
--- !u!23 &1028484277
MeshRenderer:
  m_ObjectHideFlags: 0
  m_CorrespondingSourceObject: {fileID: 0}
  m_PrefabInstance: {fileID: 0}
  m_PrefabAsset: {fileID: 0}
  m_GameObject: {fileID: 1028484275}
  m_Enabled: 1
  m_CastShadows: 0
  m_ReceiveShadows: 1
  m_DynamicOccludee: 1
  m_MotionVectors: 1
  m_LightProbeUsage: 1
  m_ReflectionProbeUsage: 1
  m_RayTracingMode: 2
  m_RayTraceProcedural: 0
  m_RenderingLayerMask: 1
  m_RendererPriority: 0
  m_Materials:
  - {fileID: 2100000, guid: ed57eb4e281d2e94d85a5922fe927ab5, type: 2}
  m_StaticBatchInfo:
    firstSubMesh: 0
    subMeshCount: 0
  m_StaticBatchRoot: {fileID: 0}
  m_ProbeAnchor: {fileID: 0}
  m_LightProbeVolumeOverride: {fileID: 0}
  m_ScaleInLightmap: 1
  m_ReceiveGI: 1
  m_PreserveUVs: 0
  m_IgnoreNormalsForChartDetection: 0
  m_ImportantGI: 0
  m_StitchLightmapSeams: 1
  m_SelectedEditorRenderState: 3
  m_MinimumChartSize: 4
  m_AutoUVMaxDistance: 0.5
  m_AutoUVMaxAngle: 89
  m_LightmapParameters: {fileID: 0}
  m_SortingLayerID: 0
  m_SortingLayer: 0
  m_SortingOrder: 0
  m_AdditionalVertexStreams: {fileID: 0}
--- !u!33 &1028484278
MeshFilter:
  m_ObjectHideFlags: 0
  m_CorrespondingSourceObject: {fileID: 0}
  m_PrefabInstance: {fileID: 0}
  m_PrefabAsset: {fileID: 0}
  m_GameObject: {fileID: 1028484275}
  m_Mesh: {fileID: 10202, guid: 0000000000000000e000000000000000, type: 0}
--- !u!4 &1028484279
Transform:
  m_ObjectHideFlags: 0
  m_CorrespondingSourceObject: {fileID: 0}
  m_PrefabInstance: {fileID: 0}
  m_PrefabAsset: {fileID: 0}
  m_GameObject: {fileID: 1028484275}
  m_LocalRotation: {x: 0.107736506, y: -0.0020551186, z: -0.0117214145, w: 0.9941083}
  m_LocalPosition: {x: -0.31862068, y: 5.210764, z: -3.7595906}
  m_LocalScale: {x: 0.20000002, y: 0.19999999, z: 0.3}
  m_Children:
  - {fileID: 487047208}
  - {fileID: 980261395}
  m_Father: {fileID: 1897120500}
  m_RootOrder: 0
  m_LocalEulerAnglesHint: {x: 12.366, y: -0.388, z: -1.393}
--- !u!114 &1028484280
MonoBehaviour:
  m_ObjectHideFlags: 0
  m_CorrespondingSourceObject: {fileID: 0}
  m_PrefabInstance: {fileID: 0}
  m_PrefabAsset: {fileID: 0}
  m_GameObject: {fileID: 1028484275}
  m_Enabled: 1
  m_EditorHideFlags: 0
  m_Script: {fileID: 11500000, guid: 539a517fb2d1e5547b6a164abc377e4c, type: 3}
  m_Name: 
  m_EditorClassIdentifier: 
  laserColors:
  - {fileID: 6991916760619130572, guid: 83867d1d805f9bc4baaf7fc7839299b8, type: 3}
  - {fileID: 6991916760619130572, guid: 63e5170412a28d14d81c9474c7f429b3, type: 3}
  - {fileID: 6991916760619130572, guid: b8d024bd1abaca746a38f068023d5b3c, type: 3}
  - {fileID: 6991916760619130572, guid: 3401e5f73aec24144bb7bedb904a1632, type: 3}
  Select: 0
  laser: {fileID: 980261394}
  RedLaser: {r: 1, g: 0, b: 0, a: 1}
  BlueLaser: {r: 0, g: 0, b: 1, a: 1}
  GreenLaser: {r: 0, g: 1, b: 0, a: 1}
  BlackLaser: {r: 0, g: 0, b: 0, a: 1}
  prefabTest: {fileID: 6991916760619130572, guid: b8d024bd1abaca746a38f068023d5b3c, type: 3}
  check: {fileID: 0}
  checktake: {fileID: 0}
--- !u!1 &1135347640
GameObject:
  m_ObjectHideFlags: 0
  m_CorrespondingSourceObject: {fileID: 0}
  m_PrefabInstance: {fileID: 0}
  m_PrefabAsset: {fileID: 0}
  serializedVersion: 6
  m_Component:
  - component: {fileID: 1135347641}
  m_Layer: 0
  m_Name: ----------UI----------
  m_TagString: Untagged
  m_Icon: {fileID: 0}
  m_NavMeshLayer: 0
  m_StaticEditorFlags: 0
  m_IsActive: 1
--- !u!4 &1135347641
Transform:
  m_ObjectHideFlags: 0
  m_CorrespondingSourceObject: {fileID: 0}
  m_PrefabInstance: {fileID: 0}
  m_PrefabAsset: {fileID: 0}
  m_GameObject: {fileID: 1135347640}
  m_LocalRotation: {x: 0, y: 0, z: 0, w: 1}
  m_LocalPosition: {x: 2.89, y: -1.1207635, z: -0.45}
  m_LocalScale: {x: 1, y: 1, z: 1}
  m_Children:
  - {fileID: 231783481}
  - {fileID: 7105141018154331465}
  m_Father: {fileID: 0}
  m_RootOrder: 2
  m_LocalEulerAnglesHint: {x: 0, y: 0, z: 0}
--- !u!114 &1188240148 stripped
MonoBehaviour:
  m_CorrespondingSourceObject: {fileID: 7924160314684834766, guid: c4b5962ebac472c4d8f9e456bab0d9c1, type: 3}
  m_PrefabInstance: {fileID: 7924160313591240922}
  m_PrefabAsset: {fileID: 0}
  m_GameObject: {fileID: 0}
  m_Enabled: 1
  m_EditorHideFlags: 0
  m_Script: {fileID: 11500000, guid: 32a2902f7791c144a9c0c518b189e3b6, type: 3}
  m_Name: 
  m_EditorClassIdentifier: 
--- !u!1001 &1231545553
PrefabInstance:
  m_ObjectHideFlags: 0
  serializedVersion: 2
  m_Modification:
    m_TransformParent: {fileID: 1897120500}
    m_Modifications:
    - target: {fileID: 4761143569452845770, guid: 1bfa2af244635f046a22f77ad2370a74, type: 3}
      propertyPath: antNumber
      value: 4
      objectReference: {fileID: 0}
    - target: {fileID: 4761143569452845770, guid: 1bfa2af244635f046a22f77ad2370a74, type: 3}
      propertyPath: antPrefabs.Array.size
      value: 4
      objectReference: {fileID: 0}
    - target: {fileID: 4761143569452845770, guid: 1bfa2af244635f046a22f77ad2370a74, type: 3}
      propertyPath: antPrefabs.Array.data[0]
      value: 
      objectReference: {fileID: 8652742891874559192, guid: 9c77b7a7a81285e48b213f3a54f00126, type: 3}
    - target: {fileID: 4761143569452845770, guid: 1bfa2af244635f046a22f77ad2370a74, type: 3}
      propertyPath: antPrefabs.Array.data[1]
      value: 
      objectReference: {fileID: 542293766600163048, guid: 1a09bc62d5a54264086089a712a97720, type: 3}
    - target: {fileID: 4761143569452845770, guid: 1bfa2af244635f046a22f77ad2370a74, type: 3}
      propertyPath: antPrefabs.Array.data[2]
      value: 
      objectReference: {fileID: 560463879223041333, guid: 3344e459548c652498d9d614742e6767, type: 3}
    - target: {fileID: 4761143569452845770, guid: 1bfa2af244635f046a22f77ad2370a74, type: 3}
      propertyPath: antPrefabs.Array.data[3]
      value: 
      objectReference: {fileID: 4019724375590130861, guid: de2dc813a0914c1499c7afa60756f592, type: 3}
    - target: {fileID: 4761143569452845771, guid: 1bfa2af244635f046a22f77ad2370a74, type: 3}
      propertyPath: m_Name
      value: SpawnerAnt
      objectReference: {fileID: 0}
    - target: {fileID: 4761143569452845773, guid: 1bfa2af244635f046a22f77ad2370a74, type: 3}
      propertyPath: m_RootOrder
      value: 5
      objectReference: {fileID: 0}
    - target: {fileID: 4761143569452845773, guid: 1bfa2af244635f046a22f77ad2370a74, type: 3}
      propertyPath: m_LocalPosition.x
      value: -2.28
      objectReference: {fileID: 0}
    - target: {fileID: 4761143569452845773, guid: 1bfa2af244635f046a22f77ad2370a74, type: 3}
      propertyPath: m_LocalPosition.y
      value: -1.1292365
      objectReference: {fileID: 0}
    - target: {fileID: 4761143569452845773, guid: 1bfa2af244635f046a22f77ad2370a74, type: 3}
      propertyPath: m_LocalPosition.z
      value: 0.33
      objectReference: {fileID: 0}
    - target: {fileID: 4761143569452845773, guid: 1bfa2af244635f046a22f77ad2370a74, type: 3}
      propertyPath: m_LocalRotation.w
      value: 1
      objectReference: {fileID: 0}
    - target: {fileID: 4761143569452845773, guid: 1bfa2af244635f046a22f77ad2370a74, type: 3}
      propertyPath: m_LocalRotation.x
      value: -0
      objectReference: {fileID: 0}
    - target: {fileID: 4761143569452845773, guid: 1bfa2af244635f046a22f77ad2370a74, type: 3}
      propertyPath: m_LocalRotation.y
      value: -0
      objectReference: {fileID: 0}
    - target: {fileID: 4761143569452845773, guid: 1bfa2af244635f046a22f77ad2370a74, type: 3}
      propertyPath: m_LocalRotation.z
      value: -0
      objectReference: {fileID: 0}
    - target: {fileID: 4761143569452845773, guid: 1bfa2af244635f046a22f77ad2370a74, type: 3}
      propertyPath: m_LocalEulerAnglesHint.x
      value: 0
      objectReference: {fileID: 0}
    - target: {fileID: 4761143569452845773, guid: 1bfa2af244635f046a22f77ad2370a74, type: 3}
      propertyPath: m_LocalEulerAnglesHint.y
      value: 0
      objectReference: {fileID: 0}
    - target: {fileID: 4761143569452845773, guid: 1bfa2af244635f046a22f77ad2370a74, type: 3}
      propertyPath: m_LocalEulerAnglesHint.z
      value: 0
      objectReference: {fileID: 0}
    m_RemovedComponents: []
  m_SourcePrefab: {fileID: 100100000, guid: 1bfa2af244635f046a22f77ad2370a74, type: 3}
--- !u!4 &1231545554 stripped
Transform:
  m_CorrespondingSourceObject: {fileID: 4761143569452845773, guid: 1bfa2af244635f046a22f77ad2370a74, type: 3}
  m_PrefabInstance: {fileID: 1231545553}
  m_PrefabAsset: {fileID: 0}
--- !u!95 &1260434691 stripped
Animator:
  m_CorrespondingSourceObject: {fileID: 7105141019343444043, guid: cf412e5f88f573044a31e3dea6b18c29, type: 3}
  m_PrefabInstance: {fileID: 7105141018154331464}
  m_PrefabAsset: {fileID: 0}
--- !u!1 &1281946015
GameObject:
  m_ObjectHideFlags: 0
  m_CorrespondingSourceObject: {fileID: 0}
  m_PrefabInstance: {fileID: 0}
  m_PrefabAsset: {fileID: 0}
  serializedVersion: 6
  m_Component:
  - component: {fileID: 1281946017}
  - component: {fileID: 1281946016}
  m_Layer: 0
  m_Name: LevelManager
  m_TagString: Untagged
  m_Icon: {fileID: 0}
  m_NavMeshLayer: 0
  m_StaticEditorFlags: 0
  m_IsActive: 1
--- !u!114 &1281946016
MonoBehaviour:
  m_ObjectHideFlags: 0
  m_CorrespondingSourceObject: {fileID: 0}
  m_PrefabInstance: {fileID: 0}
  m_PrefabAsset: {fileID: 0}
  m_GameObject: {fileID: 1281946015}
  m_Enabled: 1
  m_EditorHideFlags: 0
  m_Script: {fileID: 11500000, guid: 157568abf4075644582b641575310e02, type: 3}
  m_Name: 
  m_EditorClassIdentifier: 
  enclosure:
  - {fileID: 1323657209}
  - {fileID: 696090914}
  - {fileID: 2063840638}
  - {fileID: 197109615}
  numberGoalAchieved: 0
  transition: {fileID: 1260434691}
  timeReamaning: 60
  timeDisplay: {fileID: 244035584}
--- !u!4 &1281946017
Transform:
  m_ObjectHideFlags: 0
  m_CorrespondingSourceObject: {fileID: 0}
  m_PrefabInstance: {fileID: 0}
  m_PrefabAsset: {fileID: 0}
  m_GameObject: {fileID: 1281946015}
  m_LocalRotation: {x: -0, y: -0, z: -0, w: 1}
  m_LocalPosition: {x: -3.7506733, y: -3.1687772, z: -0.04461074}
  m_LocalScale: {x: 1, y: 1, z: 1}
  m_Children: []
  m_Father: {fileID: 930181475}
  m_RootOrder: 2
  m_LocalEulerAnglesHint: {x: 0, y: 0, z: 0}
--- !u!1 &1323657209 stripped
GameObject:
  m_CorrespondingSourceObject: {fileID: -8391222552659086748, guid: 065628544328f0c40b36ff4b01e10d82, type: 3}
  m_PrefabInstance: {fileID: 1453623291}
  m_PrefabAsset: {fileID: 0}
--- !u!65 &1323657210
BoxCollider:
  m_ObjectHideFlags: 0
  m_CorrespondingSourceObject: {fileID: 0}
  m_PrefabInstance: {fileID: 0}
  m_PrefabAsset: {fileID: 0}
  m_GameObject: {fileID: 1323657209}
  m_Material: {fileID: 0}
  m_IsTrigger: 1
  m_Enabled: 1
  serializedVersion: 2
  m_Size: {x: 0.020000001, y: 0.019999998, z: 0.0050391546}
  m_Center: {x: 0.000000007450581, y: 0.0000000018626451, z: 0}
--- !u!114 &1323657214
MonoBehaviour:
  m_ObjectHideFlags: 0
  m_CorrespondingSourceObject: {fileID: 0}
  m_PrefabInstance: {fileID: 0}
  m_PrefabAsset: {fileID: 0}
  m_GameObject: {fileID: 1323657209}
  m_Enabled: 1
  m_EditorHideFlags: 0
  m_Script: {fileID: 11500000, guid: 13c19b65f5916e24986b405bcb0f829d, type: 3}
  m_Name: 
  m_EditorClassIdentifier: 
  countAnt: 0
  goalObjective: 4
  goalAchieved: 0
  blockAchieved: 0
  stopAnt: 0
--- !u!1 &1420822880 stripped
GameObject:
  m_CorrespondingSourceObject: {fileID: -5568371526223589888, guid: 065628544328f0c40b36ff4b01e10d82, type: 3}
  m_PrefabInstance: {fileID: 1539497976}
  m_PrefabAsset: {fileID: 0}
--- !u!65 &1420822884
BoxCollider:
  m_ObjectHideFlags: 0
  m_CorrespondingSourceObject: {fileID: 0}
  m_PrefabInstance: {fileID: 0}
  m_PrefabAsset: {fileID: 0}
  m_GameObject: {fileID: 1420822880}
  m_Material: {fileID: 0}
  m_IsTrigger: 1
  m_Enabled: 1
  serializedVersion: 2
  m_Size: {x: 0.021296674, y: 0.02159339, z: 0.0076673958}
  m_Center: {x: 0.009990579, y: 0.010037177, z: 0.0012918201}
--- !u!1001 &1453623291
PrefabInstance:
  m_ObjectHideFlags: 0
  serializedVersion: 2
  m_Modification:
    m_TransformParent: {fileID: 1897120500}
    m_Modifications:
    - target: {fileID: -8679921383154817045, guid: 065628544328f0c40b36ff4b01e10d82, type: 3}
      propertyPath: m_RootOrder
      value: 1
      objectReference: {fileID: 0}
    - target: {fileID: -8679921383154817045, guid: 065628544328f0c40b36ff4b01e10d82, type: 3}
      propertyPath: m_LocalScale.x
      value: 0.5234915
      objectReference: {fileID: 0}
    - target: {fileID: -8679921383154817045, guid: 065628544328f0c40b36ff4b01e10d82, type: 3}
      propertyPath: m_LocalScale.y
      value: 0.5234915
      objectReference: {fileID: 0}
    - target: {fileID: -8679921383154817045, guid: 065628544328f0c40b36ff4b01e10d82, type: 3}
      propertyPath: m_LocalScale.z
      value: 0.5234915
      objectReference: {fileID: 0}
    - target: {fileID: -8679921383154817045, guid: 065628544328f0c40b36ff4b01e10d82, type: 3}
      propertyPath: m_LocalPosition.x
      value: -5.3486204
      objectReference: {fileID: 0}
    - target: {fileID: -8679921383154817045, guid: 065628544328f0c40b36ff4b01e10d82, type: 3}
      propertyPath: m_LocalPosition.y
      value: -1.0662365
      objectReference: {fileID: 0}
    - target: {fileID: -8679921383154817045, guid: 065628544328f0c40b36ff4b01e10d82, type: 3}
      propertyPath: m_LocalPosition.z
      value: -2.7895906
      objectReference: {fileID: 0}
    - target: {fileID: -8679921383154817045, guid: 065628544328f0c40b36ff4b01e10d82, type: 3}
      propertyPath: m_LocalRotation.w
      value: 0.9238602
      objectReference: {fileID: 0}
    - target: {fileID: -8679921383154817045, guid: 065628544328f0c40b36ff4b01e10d82, type: 3}
      propertyPath: m_LocalRotation.x
      value: -0
      objectReference: {fileID: 0}
    - target: {fileID: -8679921383154817045, guid: 065628544328f0c40b36ff4b01e10d82, type: 3}
      propertyPath: m_LocalRotation.y
      value: -0.3827303
      objectReference: {fileID: 0}
    - target: {fileID: -8679921383154817045, guid: 065628544328f0c40b36ff4b01e10d82, type: 3}
      propertyPath: m_LocalRotation.z
      value: -0
      objectReference: {fileID: 0}
    - target: {fileID: -8679921383154817045, guid: 065628544328f0c40b36ff4b01e10d82, type: 3}
      propertyPath: m_LocalEulerAnglesHint.x
      value: 0
      objectReference: {fileID: 0}
    - target: {fileID: -8679921383154817045, guid: 065628544328f0c40b36ff4b01e10d82, type: 3}
      propertyPath: m_LocalEulerAnglesHint.y
      value: -45.006
      objectReference: {fileID: 0}
    - target: {fileID: -8679921383154817045, guid: 065628544328f0c40b36ff4b01e10d82, type: 3}
      propertyPath: m_LocalEulerAnglesHint.z
      value: 0
      objectReference: {fileID: 0}
    - target: {fileID: -8391222552659086748, guid: 065628544328f0c40b36ff4b01e10d82, type: 3}
      propertyPath: m_Name
      value: redC
      objectReference: {fileID: 0}
    - target: {fileID: -8391222552659086748, guid: 065628544328f0c40b36ff4b01e10d82, type: 3}
      propertyPath: m_Layer
      value: 2
      objectReference: {fileID: 0}
    - target: {fileID: -8391222552659086748, guid: 065628544328f0c40b36ff4b01e10d82, type: 3}
      propertyPath: m_TagString
      value: Red
      objectReference: {fileID: 0}
    - target: {fileID: -4683669308469848369, guid: 065628544328f0c40b36ff4b01e10d82, type: 3}
      propertyPath: m_Materials.Array.data[0]
      value: 
      objectReference: {fileID: 2100000, guid: a9822ea783090c946bf001ac7d158baa, type: 2}
    - target: {fileID: 919132149155446097, guid: 065628544328f0c40b36ff4b01e10d82, type: 3}
      propertyPath: m_Name
      value: fbx_RedEnclosure
      objectReference: {fileID: 0}
    - target: {fileID: 7202271454713460447, guid: 065628544328f0c40b36ff4b01e10d82, type: 3}
      propertyPath: m_Materials.Array.data[0]
      value: 
      objectReference: {fileID: 2100000, guid: c39a806db72678f4cb141f2996801142, type: 2}
    m_RemovedComponents: []
  m_SourcePrefab: {fileID: 100100000, guid: 065628544328f0c40b36ff4b01e10d82, type: 3}
--- !u!4 &1453623292 stripped
Transform:
  m_CorrespondingSourceObject: {fileID: -8679921383154817045, guid: 065628544328f0c40b36ff4b01e10d82, type: 3}
  m_PrefabInstance: {fileID: 1453623291}
  m_PrefabAsset: {fileID: 0}
--- !u!1001 &1539497976
PrefabInstance:
  m_ObjectHideFlags: 0
  serializedVersion: 2
  m_Modification:
    m_TransformParent: {fileID: 1897120500}
    m_Modifications:
    - target: {fileID: -8679921383154817045, guid: 065628544328f0c40b36ff4b01e10d82, type: 3}
      propertyPath: m_RootOrder
      value: 2
      objectReference: {fileID: 0}
    - target: {fileID: -8679921383154817045, guid: 065628544328f0c40b36ff4b01e10d82, type: 3}
      propertyPath: m_LocalScale.x
      value: 0.52349144
      objectReference: {fileID: 0}
    - target: {fileID: -8679921383154817045, guid: 065628544328f0c40b36ff4b01e10d82, type: 3}
      propertyPath: m_LocalScale.y
      value: 0.5234915
      objectReference: {fileID: 0}
    - target: {fileID: -8679921383154817045, guid: 065628544328f0c40b36ff4b01e10d82, type: 3}
      propertyPath: m_LocalScale.z
      value: 0.52349144
      objectReference: {fileID: 0}
    - target: {fileID: -8679921383154817045, guid: 065628544328f0c40b36ff4b01e10d82, type: 3}
      propertyPath: m_LocalPosition.x
      value: -6.4286203
      objectReference: {fileID: 0}
    - target: {fileID: -8679921383154817045, guid: 065628544328f0c40b36ff4b01e10d82, type: 3}
      propertyPath: m_LocalPosition.y
      value: -1.0662365
      objectReference: {fileID: 0}
    - target: {fileID: -8679921383154817045, guid: 065628544328f0c40b36ff4b01e10d82, type: 3}
      propertyPath: m_LocalPosition.z
      value: 2.8104095
      objectReference: {fileID: 0}
    - target: {fileID: -8679921383154817045, guid: 065628544328f0c40b36ff4b01e10d82, type: 3}
      propertyPath: m_LocalRotation.w
      value: 0.9451867
      objectReference: {fileID: 0}
    - target: {fileID: -8679921383154817045, guid: 065628544328f0c40b36ff4b01e10d82, type: 3}
      propertyPath: m_LocalRotation.x
      value: -0
      objectReference: {fileID: 0}
    - target: {fileID: -8679921383154817045, guid: 065628544328f0c40b36ff4b01e10d82, type: 3}
      propertyPath: m_LocalRotation.y
      value: 0.3265306
      objectReference: {fileID: 0}
    - target: {fileID: -8679921383154817045, guid: 065628544328f0c40b36ff4b01e10d82, type: 3}
      propertyPath: m_LocalRotation.z
      value: -0
      objectReference: {fileID: 0}
    - target: {fileID: -8679921383154817045, guid: 065628544328f0c40b36ff4b01e10d82, type: 3}
      propertyPath: m_LocalEulerAnglesHint.x
      value: 0
      objectReference: {fileID: 0}
    - target: {fileID: -8679921383154817045, guid: 065628544328f0c40b36ff4b01e10d82, type: 3}
      propertyPath: m_LocalEulerAnglesHint.y
      value: 38.117
      objectReference: {fileID: 0}
    - target: {fileID: -8679921383154817045, guid: 065628544328f0c40b36ff4b01e10d82, type: 3}
      propertyPath: m_LocalEulerAnglesHint.z
      value: 0
      objectReference: {fileID: 0}
    - target: {fileID: -8391222552659086748, guid: 065628544328f0c40b36ff4b01e10d82, type: 3}
      propertyPath: m_Name
      value: blackC
      objectReference: {fileID: 0}
    - target: {fileID: -8391222552659086748, guid: 065628544328f0c40b36ff4b01e10d82, type: 3}
      propertyPath: m_Layer
      value: 2
      objectReference: {fileID: 0}
    - target: {fileID: -8391222552659086748, guid: 065628544328f0c40b36ff4b01e10d82, type: 3}
      propertyPath: m_TagString
      value: Black
      objectReference: {fileID: 0}
    - target: {fileID: -5477749408508380018, guid: 065628544328f0c40b36ff4b01e10d82, type: 3}
      propertyPath: m_LocalPosition.x
      value: -0
      objectReference: {fileID: 0}
    - target: {fileID: -5477749408508380018, guid: 065628544328f0c40b36ff4b01e10d82, type: 3}
      propertyPath: m_LocalPosition.y
      value: 0.13
      objectReference: {fileID: 0}
    - target: {fileID: -4683669308469848369, guid: 065628544328f0c40b36ff4b01e10d82, type: 3}
      propertyPath: m_Materials.Array.data[0]
      value: 
      objectReference: {fileID: 2100000, guid: 25142c7263094bb438a0dfd81f05a128, type: 2}
    - target: {fileID: 919132149155446097, guid: 065628544328f0c40b36ff4b01e10d82, type: 3}
      propertyPath: m_Name
      value: fbx_BlackEnclosure
      objectReference: {fileID: 0}
    - target: {fileID: 7202271454713460447, guid: 065628544328f0c40b36ff4b01e10d82, type: 3}
      propertyPath: m_Materials.Array.data[0]
      value: 
      objectReference: {fileID: 2100000, guid: ad0daa0809940de4296a212a977306cc, type: 2}
    m_RemovedComponents: []
  m_SourcePrefab: {fileID: 100100000, guid: 065628544328f0c40b36ff4b01e10d82, type: 3}
--- !u!4 &1539497977 stripped
Transform:
  m_CorrespondingSourceObject: {fileID: -8679921383154817045, guid: 065628544328f0c40b36ff4b01e10d82, type: 3}
  m_PrefabInstance: {fileID: 1539497976}
  m_PrefabAsset: {fileID: 0}
--- !u!1001 &1769571730
PrefabInstance:
  m_ObjectHideFlags: 0
  serializedVersion: 2
  m_Modification:
    m_TransformParent: {fileID: 1897120500}
    m_Modifications:
    - target: {fileID: -8679921383154817045, guid: 23cab475180dc9641a103c9ccafe51fa, type: 3}
      propertyPath: m_RootOrder
      value: 6
      objectReference: {fileID: 0}
    - target: {fileID: -8679921383154817045, guid: 23cab475180dc9641a103c9ccafe51fa, type: 3}
      propertyPath: m_LocalScale.x
      value: 251.1094
      objectReference: {fileID: 0}
    - target: {fileID: -8679921383154817045, guid: 23cab475180dc9641a103c9ccafe51fa, type: 3}
      propertyPath: m_LocalScale.y
      value: 251.1094
      objectReference: {fileID: 0}
    - target: {fileID: -8679921383154817045, guid: 23cab475180dc9641a103c9ccafe51fa, type: 3}
      propertyPath: m_LocalScale.z
      value: 251.1094
      objectReference: {fileID: 0}
    - target: {fileID: -8679921383154817045, guid: 23cab475180dc9641a103c9ccafe51fa, type: 3}
      propertyPath: m_LocalPosition.x
      value: -2.6086206
      objectReference: {fileID: 0}
    - target: {fileID: -8679921383154817045, guid: 23cab475180dc9641a103c9ccafe51fa, type: 3}
      propertyPath: m_LocalPosition.y
      value: -1.1992364
      objectReference: {fileID: 0}
    - target: {fileID: -8679921383154817045, guid: 23cab475180dc9641a103c9ccafe51fa, type: 3}
      propertyPath: m_LocalPosition.z
      value: 0.8304095
      objectReference: {fileID: 0}
    - target: {fileID: -8679921383154817045, guid: 23cab475180dc9641a103c9ccafe51fa, type: 3}
      propertyPath: m_LocalRotation.w
      value: 0.7071067
      objectReference: {fileID: 0}
    - target: {fileID: -8679921383154817045, guid: 23cab475180dc9641a103c9ccafe51fa, type: 3}
      propertyPath: m_LocalRotation.x
      value: -0.7071068
      objectReference: {fileID: 0}
    - target: {fileID: -8679921383154817045, guid: 23cab475180dc9641a103c9ccafe51fa, type: 3}
      propertyPath: m_LocalRotation.y
      value: -0
      objectReference: {fileID: 0}
    - target: {fileID: -8679921383154817045, guid: 23cab475180dc9641a103c9ccafe51fa, type: 3}
      propertyPath: m_LocalRotation.z
      value: -0
      objectReference: {fileID: 0}
    - target: {fileID: -8679921383154817045, guid: 23cab475180dc9641a103c9ccafe51fa, type: 3}
      propertyPath: m_LocalEulerAnglesHint.x
      value: 0
      objectReference: {fileID: 0}
    - target: {fileID: -8679921383154817045, guid: 23cab475180dc9641a103c9ccafe51fa, type: 3}
      propertyPath: m_LocalEulerAnglesHint.y
      value: 0
      objectReference: {fileID: 0}
    - target: {fileID: -8679921383154817045, guid: 23cab475180dc9641a103c9ccafe51fa, type: 3}
      propertyPath: m_LocalEulerAnglesHint.z
      value: 0
      objectReference: {fileID: 0}
    - target: {fileID: -7511558181221131132, guid: 23cab475180dc9641a103c9ccafe51fa, type: 3}
      propertyPath: m_Materials.Array.data[0]
      value: 
      objectReference: {fileID: 2100000, guid: 532321827e91b4b49a157769bfa9b95f, type: 2}
    - target: {fileID: 919132149155446097, guid: 23cab475180dc9641a103c9ccafe51fa, type: 3}
      propertyPath: m_Name
      value: fbx_terrain
      objectReference: {fileID: 0}
    - target: {fileID: 919132149155446097, guid: 23cab475180dc9641a103c9ccafe51fa, type: 3}
      propertyPath: m_Layer
      value: 3
      objectReference: {fileID: 0}
    - target: {fileID: 919132149155446097, guid: 23cab475180dc9641a103c9ccafe51fa, type: 3}
      propertyPath: m_TagString
      value: Ground
      objectReference: {fileID: 0}
    m_RemovedComponents: []
  m_SourcePrefab: {fileID: 100100000, guid: 23cab475180dc9641a103c9ccafe51fa, type: 3}
--- !u!4 &1769571731 stripped
Transform:
  m_CorrespondingSourceObject: {fileID: -8679921383154817045, guid: 23cab475180dc9641a103c9ccafe51fa, type: 3}
  m_PrefabInstance: {fileID: 1769571730}
  m_PrefabAsset: {fileID: 0}
--- !u!1 &1897120499
GameObject:
  m_ObjectHideFlags: 0
  m_CorrespondingSourceObject: {fileID: 0}
  m_PrefabInstance: {fileID: 0}
  m_PrefabAsset: {fileID: 0}
  serializedVersion: 6
  m_Component:
  - component: {fileID: 1897120500}
  m_Layer: 0
  m_Name: --------Object--------
  m_TagString: Untagged
  m_Icon: {fileID: 0}
  m_NavMeshLayer: 0
  m_StaticEditorFlags: 0
  m_IsActive: 1
--- !u!4 &1897120500
Transform:
  m_ObjectHideFlags: 0
  m_CorrespondingSourceObject: {fileID: 0}
  m_PrefabInstance: {fileID: 0}
  m_PrefabAsset: {fileID: 0}
  m_GameObject: {fileID: 1897120499}
  m_LocalRotation: {x: 0, y: 0, z: 0, w: 1}
  m_LocalPosition: {x: 2.79, y: -1.1207635, z: -0.54}
  m_LocalScale: {x: 1, y: 1, z: 1}
  m_Children:
  - {fileID: 1028484279}
  - {fileID: 1453623292}
  - {fileID: 1539497977}
  - {fileID: 1026109213}
  - {fileID: 976581322}
  - {fileID: 1231545554}
  - {fileID: 1769571731}
  - {fileID: 7298375752238454488}
  m_Father: {fileID: 0}
  m_RootOrder: 1
  m_LocalEulerAnglesHint: {x: 0, y: 0, z: 0}
--- !u!1 &2041585379 stripped
GameObject:
  m_CorrespondingSourceObject: {fileID: 919132149155446097, guid: 23cab475180dc9641a103c9ccafe51fa, type: 3}
  m_PrefabInstance: {fileID: 1769571730}
  m_PrefabAsset: {fileID: 0}
--- !u!64 &2041585383
MeshCollider:
  m_ObjectHideFlags: 0
  m_CorrespondingSourceObject: {fileID: 0}
  m_PrefabInstance: {fileID: 0}
  m_PrefabAsset: {fileID: 0}
  m_GameObject: {fileID: 2041585379}
  m_Material: {fileID: 0}
  m_IsTrigger: 0
  m_Enabled: 1
  serializedVersion: 4
  m_Convex: 0
  m_CookingOptions: 30
  m_Mesh: {fileID: -2124705421725058983, guid: 23cab475180dc9641a103c9ccafe51fa, type: 3}
--- !u!1 &2063840638 stripped
GameObject:
  m_CorrespondingSourceObject: {fileID: -8391222552659086748, guid: 065628544328f0c40b36ff4b01e10d82, type: 3}
  m_PrefabInstance: {fileID: 1026109212}
  m_PrefabAsset: {fileID: 0}
--- !u!65 &2063840639
BoxCollider:
  m_ObjectHideFlags: 0
  m_CorrespondingSourceObject: {fileID: 0}
  m_PrefabInstance: {fileID: 0}
  m_PrefabAsset: {fileID: 0}
  m_GameObject: {fileID: 2063840638}
  m_Material: {fileID: 0}
  m_IsTrigger: 1
  m_Enabled: 1
  serializedVersion: 2
  m_Size: {x: 0.019999998, y: 0.019999994, z: 0.0050391546}
  m_Center: {x: 0.0000000037252903, y: 0, z: 4.656613e-10}
--- !u!114 &2063840640
MonoBehaviour:
  m_ObjectHideFlags: 0
  m_CorrespondingSourceObject: {fileID: 0}
  m_PrefabInstance: {fileID: 0}
  m_PrefabAsset: {fileID: 0}
  m_GameObject: {fileID: 2063840638}
  m_Enabled: 1
  m_EditorHideFlags: 0
  m_Script: {fileID: 11500000, guid: 13c19b65f5916e24986b405bcb0f829d, type: 3}
  m_Name: 
  m_EditorClassIdentifier: 
  countAnt: 0
  goalObjective: 4
  goalAchieved: 0
  blockAchieved: 0
  stopAnt: 0
--- !u!1001 &7105141018154331464
PrefabInstance:
  m_ObjectHideFlags: 0
  serializedVersion: 2
  m_Modification:
    m_TransformParent: {fileID: 1135347641}
    m_Modifications:
    - target: {fileID: 7105141019343444041, guid: cf412e5f88f573044a31e3dea6b18c29, type: 3}
      propertyPath: m_Name
      value: transition
      objectReference: {fileID: 0}
    - target: {fileID: 7105141019343444042, guid: cf412e5f88f573044a31e3dea6b18c29, type: 3}
      propertyPath: m_RootOrder
      value: 1
      objectReference: {fileID: 0}
    - target: {fileID: 7105141019343444042, guid: cf412e5f88f573044a31e3dea6b18c29, type: 3}
      propertyPath: m_LocalPosition.x
      value: -2.8686206
      objectReference: {fileID: 0}
    - target: {fileID: 7105141019343444042, guid: cf412e5f88f573044a31e3dea6b18c29, type: 3}
      propertyPath: m_LocalPosition.y
      value: 6.510763
      objectReference: {fileID: 0}
    - target: {fileID: 7105141019343444042, guid: cf412e5f88f573044a31e3dea6b18c29, type: 3}
      propertyPath: m_LocalPosition.z
      value: -3.0295906
      objectReference: {fileID: 0}
    - target: {fileID: 7105141019343444042, guid: cf412e5f88f573044a31e3dea6b18c29, type: 3}
      propertyPath: m_LocalRotation.w
      value: 0.81478727
      objectReference: {fileID: 0}
    - target: {fileID: 7105141019343444042, guid: cf412e5f88f573044a31e3dea6b18c29, type: 3}
      propertyPath: m_LocalRotation.x
      value: 0.57976013
      objectReference: {fileID: 0}
    - target: {fileID: 7105141019343444042, guid: cf412e5f88f573044a31e3dea6b18c29, type: 3}
      propertyPath: m_LocalRotation.y
      value: -0
      objectReference: {fileID: 0}
    - target: {fileID: 7105141019343444042, guid: cf412e5f88f573044a31e3dea6b18c29, type: 3}
      propertyPath: m_LocalRotation.z
      value: -0
      objectReference: {fileID: 0}
    - target: {fileID: 7105141019343444042, guid: cf412e5f88f573044a31e3dea6b18c29, type: 3}
      propertyPath: m_LocalEulerAnglesHint.x
      value: 70.867
      objectReference: {fileID: 0}
    - target: {fileID: 7105141019343444042, guid: cf412e5f88f573044a31e3dea6b18c29, type: 3}
      propertyPath: m_LocalEulerAnglesHint.y
      value: 0
      objectReference: {fileID: 0}
    - target: {fileID: 7105141019343444042, guid: cf412e5f88f573044a31e3dea6b18c29, type: 3}
      propertyPath: m_LocalEulerAnglesHint.z
      value: 0
      objectReference: {fileID: 0}
    - target: {fileID: 7105141019343444044, guid: cf412e5f88f573044a31e3dea6b18c29, type: 3}
      propertyPath: soundM
      value: 
      objectReference: {fileID: 839252586}
    - target: {fileID: 7105141019343444044, guid: cf412e5f88f573044a31e3dea6b18c29, type: 3}
      propertyPath: actDialog
      value: 
      objectReference: {fileID: 1188240148}
    - target: {fileID: 7105141019343444044, guid: cf412e5f88f573044a31e3dea6b18c29, type: 3}
      propertyPath: winCondition
      value: 
      objectReference: {fileID: 11400000, guid: 90438351564c3b1428c19fa597036f9b, type: 2}
    - target: {fileID: 7105141019343444044, guid: cf412e5f88f573044a31e3dea6b18c29, type: 3}
      propertyPath: looseCondition
      value: 
      objectReference: {fileID: 11400000, guid: cfa34cedd67467e4ea7a7718e4df6933, type: 2}
    - target: {fileID: 7105141019363803424, guid: cf412e5f88f573044a31e3dea6b18c29, type: 3}
      propertyPath: m_LocalPosition.x
      value: 8.14
      objectReference: {fileID: 0}
    m_RemovedComponents: []
  m_SourcePrefab: {fileID: 100100000, guid: cf412e5f88f573044a31e3dea6b18c29, type: 3}
--- !u!4 &7105141018154331465 stripped
Transform:
  m_CorrespondingSourceObject: {fileID: 7105141019343444042, guid: cf412e5f88f573044a31e3dea6b18c29, type: 3}
  m_PrefabInstance: {fileID: 7105141018154331464}
  m_PrefabAsset: {fileID: 0}
--- !u!1001 &7298375752238454487
PrefabInstance:
  m_ObjectHideFlags: 0
  serializedVersion: 2
  m_Modification:
    m_TransformParent: {fileID: 1897120500}
    m_Modifications:
    - target: {fileID: 2649604498708052621, guid: a8d0a1e9f3dba2843b567c6d30d955a8, type: 3}
      propertyPath: m_RootOrder
      value: 7
      objectReference: {fileID: 0}
    - target: {fileID: 2649604498708052621, guid: a8d0a1e9f3dba2843b567c6d30d955a8, type: 3}
      propertyPath: m_LocalPosition.x
      value: 0.7397783
      objectReference: {fileID: 0}
    - target: {fileID: 2649604498708052621, guid: a8d0a1e9f3dba2843b567c6d30d955a8, type: 3}
      propertyPath: m_LocalPosition.y
      value: -14.575758
      objectReference: {fileID: 0}
    - target: {fileID: 2649604498708052621, guid: a8d0a1e9f3dba2843b567c6d30d955a8, type: 3}
      propertyPath: m_LocalPosition.z
      value: 5.3086586
      objectReference: {fileID: 0}
    - target: {fileID: 2649604498708052621, guid: a8d0a1e9f3dba2843b567c6d30d955a8, type: 3}
      propertyPath: m_LocalRotation.w
      value: 1
      objectReference: {fileID: 0}
    - target: {fileID: 2649604498708052621, guid: a8d0a1e9f3dba2843b567c6d30d955a8, type: 3}
      propertyPath: m_LocalRotation.x
      value: -0
      objectReference: {fileID: 0}
    - target: {fileID: 2649604498708052621, guid: a8d0a1e9f3dba2843b567c6d30d955a8, type: 3}
      propertyPath: m_LocalRotation.y
      value: -0
      objectReference: {fileID: 0}
    - target: {fileID: 2649604498708052621, guid: a8d0a1e9f3dba2843b567c6d30d955a8, type: 3}
      propertyPath: m_LocalRotation.z
      value: -0
      objectReference: {fileID: 0}
    - target: {fileID: 2649604498708052621, guid: a8d0a1e9f3dba2843b567c6d30d955a8, type: 3}
      propertyPath: m_LocalEulerAnglesHint.x
      value: 0
      objectReference: {fileID: 0}
    - target: {fileID: 2649604498708052621, guid: a8d0a1e9f3dba2843b567c6d30d955a8, type: 3}
      propertyPath: m_LocalEulerAnglesHint.y
      value: 0
      objectReference: {fileID: 0}
    - target: {fileID: 2649604498708052621, guid: a8d0a1e9f3dba2843b567c6d30d955a8, type: 3}
      propertyPath: m_LocalEulerAnglesHint.z
      value: 0
      objectReference: {fileID: 0}
    - target: {fileID: 4585540236816641414, guid: a8d0a1e9f3dba2843b567c6d30d955a8, type: 3}
      propertyPath: m_Name
      value: 'environment '
      objectReference: {fileID: 0}
    m_RemovedComponents: []
  m_SourcePrefab: {fileID: 100100000, guid: a8d0a1e9f3dba2843b567c6d30d955a8, type: 3}
--- !u!4 &7298375752238454488 stripped
Transform:
  m_CorrespondingSourceObject: {fileID: 2649604498708052621, guid: a8d0a1e9f3dba2843b567c6d30d955a8, type: 3}
  m_PrefabInstance: {fileID: 7298375752238454487}
  m_PrefabAsset: {fileID: 0}
--- !u!1001 &7924160313591240922
PrefabInstance:
  m_ObjectHideFlags: 0
  serializedVersion: 2
  m_Modification:
    m_TransformParent: {fileID: 1135347641}
    m_Modifications:
    - target: {fileID: 117033804, guid: c4b5962ebac472c4d8f9e456bab0d9c1, type: 3}
      propertyPath: laser
      value: 
      objectReference: {fileID: 1028484275}
    - target: {fileID: 605985628, guid: c4b5962ebac472c4d8f9e456bab0d9c1, type: 3}
      propertyPath: m_IsActive
      value: 0
      objectReference: {fileID: 0}
    - target: {fileID: 605985629, guid: c4b5962ebac472c4d8f9e456bab0d9c1, type: 3}
      propertyPath: m_RootOrder
      value: 3
      objectReference: {fileID: 0}
    - target: {fileID: 738533121, guid: c4b5962ebac472c4d8f9e456bab0d9c1, type: 3}
      propertyPath: m_AnchorMax.x
      value: 0.79998
      objectReference: {fileID: 0}
    - target: {fileID: 738533121, guid: c4b5962ebac472c4d8f9e456bab0d9c1, type: 3}
      propertyPath: m_AnchorMax.y
      value: 1
      objectReference: {fileID: 0}
    - target: {fileID: 738533121, guid: c4b5962ebac472c4d8f9e456bab0d9c1, type: 3}
      propertyPath: m_AnchorMin.x
      value: 0.79998
      objectReference: {fileID: 0}
    - target: {fileID: 749474899, guid: c4b5962ebac472c4d8f9e456bab0d9c1, type: 3}
      propertyPath: m_AnchorMax.x
      value: 0.79998
      objectReference: {fileID: 0}
    - target: {fileID: 749474899, guid: c4b5962ebac472c4d8f9e456bab0d9c1, type: 3}
      propertyPath: m_AnchorMax.y
      value: 1
      objectReference: {fileID: 0}
    - target: {fileID: 7924160314684834761, guid: c4b5962ebac472c4d8f9e456bab0d9c1, type: 3}
      propertyPath: m_Pivot.x
      value: 0
      objectReference: {fileID: 0}
    - target: {fileID: 7924160314684834761, guid: c4b5962ebac472c4d8f9e456bab0d9c1, type: 3}
      propertyPath: m_Pivot.y
      value: 0
      objectReference: {fileID: 0}
    - target: {fileID: 7924160314684834761, guid: c4b5962ebac472c4d8f9e456bab0d9c1, type: 3}
      propertyPath: m_RootOrder
      value: 0
      objectReference: {fileID: 0}
    - target: {fileID: 7924160314684834761, guid: c4b5962ebac472c4d8f9e456bab0d9c1, type: 3}
      propertyPath: m_AnchorMax.x
      value: 0
      objectReference: {fileID: 0}
    - target: {fileID: 7924160314684834761, guid: c4b5962ebac472c4d8f9e456bab0d9c1, type: 3}
      propertyPath: m_AnchorMax.y
      value: 0
      objectReference: {fileID: 0}
    - target: {fileID: 7924160314684834761, guid: c4b5962ebac472c4d8f9e456bab0d9c1, type: 3}
      propertyPath: m_AnchorMin.x
      value: 0
      objectReference: {fileID: 0}
    - target: {fileID: 7924160314684834761, guid: c4b5962ebac472c4d8f9e456bab0d9c1, type: 3}
      propertyPath: m_AnchorMin.y
      value: 0
      objectReference: {fileID: 0}
    - target: {fileID: 7924160314684834761, guid: c4b5962ebac472c4d8f9e456bab0d9c1, type: 3}
      propertyPath: m_SizeDelta.x
      value: 0
      objectReference: {fileID: 0}
    - target: {fileID: 7924160314684834761, guid: c4b5962ebac472c4d8f9e456bab0d9c1, type: 3}
      propertyPath: m_SizeDelta.y
      value: 0
      objectReference: {fileID: 0}
    - target: {fileID: 7924160314684834761, guid: c4b5962ebac472c4d8f9e456bab0d9c1, type: 3}
      propertyPath: m_LocalPosition.x
      value: 0
      objectReference: {fileID: 0}
    - target: {fileID: 7924160314684834761, guid: c4b5962ebac472c4d8f9e456bab0d9c1, type: 3}
      propertyPath: m_LocalPosition.y
      value: 0
      objectReference: {fileID: 0}
    - target: {fileID: 7924160314684834761, guid: c4b5962ebac472c4d8f9e456bab0d9c1, type: 3}
      propertyPath: m_LocalPosition.z
      value: 0
      objectReference: {fileID: 0}
    - target: {fileID: 7924160314684834761, guid: c4b5962ebac472c4d8f9e456bab0d9c1, type: 3}
      propertyPath: m_LocalRotation.w
      value: 1
      objectReference: {fileID: 0}
    - target: {fileID: 7924160314684834761, guid: c4b5962ebac472c4d8f9e456bab0d9c1, type: 3}
      propertyPath: m_LocalRotation.x
      value: 0
      objectReference: {fileID: 0}
    - target: {fileID: 7924160314684834761, guid: c4b5962ebac472c4d8f9e456bab0d9c1, type: 3}
      propertyPath: m_LocalRotation.y
      value: 0
      objectReference: {fileID: 0}
    - target: {fileID: 7924160314684834761, guid: c4b5962ebac472c4d8f9e456bab0d9c1, type: 3}
      propertyPath: m_LocalRotation.z
      value: 0
      objectReference: {fileID: 0}
    - target: {fileID: 7924160314684834761, guid: c4b5962ebac472c4d8f9e456bab0d9c1, type: 3}
      propertyPath: m_AnchoredPosition.x
      value: 0
      objectReference: {fileID: 0}
    - target: {fileID: 7924160314684834761, guid: c4b5962ebac472c4d8f9e456bab0d9c1, type: 3}
      propertyPath: m_AnchoredPosition.y
      value: 0
      objectReference: {fileID: 0}
    - target: {fileID: 7924160314684834761, guid: c4b5962ebac472c4d8f9e456bab0d9c1, type: 3}
      propertyPath: m_LocalEulerAnglesHint.x
      value: 0
      objectReference: {fileID: 0}
    - target: {fileID: 7924160314684834761, guid: c4b5962ebac472c4d8f9e456bab0d9c1, type: 3}
      propertyPath: m_LocalEulerAnglesHint.y
      value: 0
      objectReference: {fileID: 0}
    - target: {fileID: 7924160314684834761, guid: c4b5962ebac472c4d8f9e456bab0d9c1, type: 3}
      propertyPath: m_LocalEulerAnglesHint.z
      value: 0
      objectReference: {fileID: 0}
    - target: {fileID: 7924160314684834773, guid: c4b5962ebac472c4d8f9e456bab0d9c1, type: 3}
      propertyPath: m_Name
      value: mainCanvas
      objectReference: {fileID: 0}
    m_RemovedComponents: []
  m_SourcePrefab: {fileID: 100100000, guid: c4b5962ebac472c4d8f9e456bab0d9c1, type: 3}
